2962 5002
190 371 251 421 122
578 351 750 419 Reconns
774 370 820 418 or
843 370 915 419 rur

188 547 222 612 in
240 546 417 630 praedicta
438 546 579 610 ecclesia
601 546 694 609 beati
712 545 804 609 Petri
825 545 880 609 vel
904 545 997 622 alibi,
1021 556 1125 631 prout
1143 550 1312 634 expedire

186 650 352 725 videritis,
387 651 498 734 primo
531 650 586 714 die
620 649 831 733 Septembris
863 649 1018 733 proxime
1052 651 1184 729 futur0,
1213 675 1312 720 more

186 755 288 819 solito
304 755 487 820 convocari
510 755 666 830 (aciatis;
692 760 726 817 et
748 754 839 837 ipsos
860 754 894 819 in
916 755 981 819 hac
1003 763 1113 840 parte,
1137 764 1173 822 et
1195 779 1311 825 causa

187 860 374 944 praedicta,
412 860 456 924 ad
497 859 688 924 subsidium
729 861 763 923 in
808 859 872 922 hoc
900 879 983 924 casu
1020 868 1227 945 competens
1274 871 1311 929 et

188 965 416 1028 necessarium
446 965 479 1029 in
508 963 807 1047 supportationem
832 960 1004 1027 dictorum
1026 984 1183 1042 onerum,
1208 969 1313 1033 nobis

187 1068 445 1133 concedendum
490 1088 530 1131 eo
579 1067 758 1151 specialius
795 1071 829 1128 et
865 1065 1046 1142 efficacius,
1082 1091 1155 1154 quo
1192 1073 1313 1158 magis

191 1172 359 1236 sciveritis
399 1179 460 1236 aut
501 1170 669 1254 poteritis,
713 1170 843 1265 solicite
886 1173 1068 1250 inducatis,
1110 1183 1146 1241 et
1190 1186 1313 1263 partes

189 1282 322 1339 vestras
340 1274 384 1339 ad
402 1275 465 1338 hoc
485 1274 670 1358 diligentur
689 1274 916 1340 effectualiter
937 1280 1126 1361 apponatis
1142 1300 1150 1356 ;
1190 1288 1228 1346 et
1247 1304 1313 1348 nos

190 1380 224 1443 in
240 1378 441 1443 cancellaria
456 1383 574 1441 nostra
590 1377 766 1460 praedicta
781 1377 823 1442 de
837 1381 1039 1464 quantitate
1054 1384 1201 1448 subsidii
1218 1386 1312 1452 illius

190 1489 224 1547 et
260 1481 302 1546 de
338 1481 492 1545 terminis
527 1480 706 1544 solutionis
741 1480 906 1563 ejusdem,
942 1485 1007 1548 sub
1042 1486 1154 1570 sigillo
1190 1496 1312 1554 vestro

190 1586 352 1650 distincte
388 1591 422 1648 et
458 1590 576 1667 aperte
611 1583 814 1648 certificetis.
863 1586 908 1650 Et
946 1588 1010 1651 hoc
1044 1589 1136 1654 sicut
1173 1613 1238 1657 nos
1275 1599 1310 1658 et

190 1691 354 1755 honorem
400 1694 557 1754 nostrum
614 1706 653 1750 ac
699 1686 926 1754 salvationem
980 1697 1015 1755 et
1069 1692 1312 1763 defensionem

190 1793 350 1859 ecclesiae
394 1800 429 1857 et
473 1791 566 1875 regni
610 1789 864 1873 praedictorum
908 1793 1060 1877 diligitis,
1107 1798 1312 1867 nullatenus

191 1897 373 1964 omittatis.
422 1897 522 1960 Teste
539 1914 615 1979 rege
631 1893 724 1977 apud
740 1894 882 1960 Westm.
901 1898 1012 1981 primo
1028 1899 1083 1964 die
1100 1902 1265 1988 Augusti.

315 2026 380 2085 lxx.
426 2025 463 2083 ln
491 2037 568 2102 1397
595 2021 684 2081 there
707 2040 770 2081 was
796 2043 815 2082 a
839 2022 1056 2086 Convocation
1085 2047 1127 2088 on
1158 2031 1219 2105 5th
1245 2032 1312 2094 and

234 2120 496 2182 rothOctober‚*
549 2118 649 2179 There
665 2117 690 2176 is
711 2137 730 2176 a
750 2117 831 2177 Writ
855 2119 889 2178 ol
919 2121 995 2198 17th
1024 2121 1184 2204 January,
1217 2130 1311 2208 1398,

232 2218 437 2295 summoning
458 2237 476 2275 a
498 2213 718 2275 Convocation
740 2213 789 2273 lor
811 2213 951 2294 llonday
974 2217 1005 2276 in
1029 2218 1084 2278 the
1107 2220 1196 2283 third
1220 2224 1311 2286 week

233 2313 265 2372 in
290 2313 381 2383 lent,
409 2312 496 2389 1398.
541 2311 568 2369 A
592 2308 809 2369 Convocation
833 2327 897 2369 was
921 2314 1111 2375 summoned
1136 2324 1171 2376 to
1196 2318 1241 2378 sit
1267 2339 1311 2381 on

234 2407 288 2468 the
315 2408 391 2467 zoth
418 2407 534 2483 June.†
578 2405 607 2464 lt
635 2404 670 2473 is,
697 2404 852 2475 however,
881 2409 1049 2469 uncertain
1076 2411 1224 2474 whether
1252 2417 1311 2478 the

234 2501 443 2578 Archblshop,
466 2499 585 2559 Robert
606 2497 754 2576 Waldby,
774 2500 845 2559 who
864 2500 936 2561 died
955 2504 1014 2564 oth
1033 2505 1192 2586 january,
1215 2513 1309 2591 139&

234 2596 297 2657 had
323 2595 465 2655 received
491 2593 648 2672 anything
673 2593 751 2653 with
777 2614 796 2654 a
822 2596 902 2656 view
928 2606 963 2658 to
989 2619 1008 2658 a
1032 2601 1189 2681 subsidy;
1243 2607 1311 2669 and

233 2690 463 2769 consequently
491 2687 630 2749 Richard
660 2688 690 2746 ll
720 2689 889 2751 addressed
918 2713 937 2752 a
964 2714 1035 2755 new
1063 2697 1145 2759 Writ
1179 2706 1216 2761 to
1253 2704 1311 2765 the

235 2787 393 2864 incoming
422 2785 632 2862 Arclrbishop,
664 2783 803 2845 Richard
836 2787 961 2866 Sempe,
992 2791 1139 2871 ordering
1168 2795 1240 2858 him
1274 2807 1311 2861 t0

233 2882 364 2960 enquire
379 2882 447 2941 into
463 2882 517 2941 the
533 2881 625 2949 laets,
641 2878 705 2938 and
722 2888 755 2940 to
770 2901 917 2943 summou
933 2889 1069 2948 another
1084 2887 1312 2957 Convocation

235 2980 283 3039 lor
302 2985 350 3038 rst
368 2978 566 3056 September,
588 2977 676 3054 1398.

719 3123 774 3188 LI.

275 3255 364 3329 [Rot.
384 3253 499 3324 Clausa,
520 3271 557 3312 22
577 3251 667 3312 Rich.
688 3251 731 3321 ll,
750 3270 781 3329 p.
802 3269 829 3321 1,
849 3272 890 3312 m.
909 3271 949 3329 30
966 3255 1077 3332 dorso}

283 3379 355 3440 Rex
386 3375 571 3440 venerabili
603 3376 636 3437 in
669 3373 805 3438 Christo
838 3378 928 3458 patri
966 3378 1129 3461 R[icardo
1163 3384 1308 3472 Scrope]

191 3482 310 3547 eudem
352 3482 463 3565 gratia
504 3480 758 3562 archiepiscopo
807 3479 908 3544 Ebur.
959 3483 1101 3568 Angliae
1149 3489 1308 3569 primati,

190 3586 347 3650 salutem.
396 3585 481 3648 Cum
528 3603 636 3666 nuper
681 3603 743 3666 pro
788 3587 1000 3667 sumptuosis
1046 3594 1080 3650 et
1127 3590 1308 3660 immensis

191 3689 361 3761 oneribus,
392 3709 480 3771 quae
511 3707 572 3750 nos
602 3707 663 3769 pro
693 3686 889 3751 detensione
919 3697 953 3752 et
985 3692 1177 3757 salvatione
1208 3701 1305 3781 regni

191 3792 299 3858 nostri
325 3798 359 3854 et
386 3790 614 3854 marchiarum
636 3790 802 3872 ejusdem,
824 3812 955 3858 necnon
977 3796 1136 3859 ecclesiae
1160 3810 1304 3865 sanctae

191 3899 300 3963 facere
334 3899 517 3977 oporteret,
550 3894 736 3957 subeundis
761 3901 794 3956 et
827 3898 1074 3978 supportandis
1114 3902 1301 3965 venerabili

189 4000 279 4087 patri
295 3999 447 4062 Roberto
463 3997 634 4080 [waldby]
651 4018 760 4081 nuper
772 3998 1028 4082 archiepiscopo
1043 4002 1104 4064 loci
1119 4001 1296 4083 praedicti,

188 4103 340 4191 rogando
386 4101 664 4165 mundaverimus
709 4109 882 4185 quatenus
927 4104 1160 4187 suffraganeos
1205 4122 1295 4178 suos,

212 4223 218 4226 .
260 4254 272 4276 '
285 4216 408 4314 *lt—egil).
421 4215 479 4297 and
493 4215 523 4296 t-
537 4215 566 4296 ol
581 4249 715 4303 Durhanr,
731 4251 784 4297 eud
800 4258 872 4313 part,
889 4253 916 4305 ii,
932 4253 950 4299 l.
969 4261 1025 4309 ¹25·

259 4348 272 4406 †
294 4344 343 4391 See
357 4342 403 4389 the
420 4340 619 4388 l'rocuratorial
634 4340 785 4388 document
797 4342 826 4389 ol
840 4343 914 4405 John
928 4343 956 4391 ol
978 4336 1209 4398 llernmingburg,
1228 4336 1292 4395 Reg.

186 4429 220 4478 D.
235 4426 289 4476 aud
304 4424 342 4478 C..
358 4421 491 4475 Durlrarn,
508 4420 560 4467 and
576 4424 647 4483 part,
662 4419 689 4474 ii,
704 4420 721 4466 t.
740 4431 788 4482 139
798 4436 822 4469 a.
