2962 5002
243 374 283 438 42
630 357 802 424 Reconns
834 376 879 423 or
906 376 976 423 run

245 549 339 613 toriis
362 551 544 624 contentis
570 558 604 615 et
629 551 686 626 eis,
712 558 751 615 ut
776 551 1022 635 praemittitur,
1048 552 1350 636 comparentibus;

243 653 332 718 lecto
352 654 489 738 insuper
508 655 660 739 quodam
680 655 931 730 certificatorio,
953 656 1061 741 sigillo
1082 656 1352 721 Christianitatis

244 758 345 822 Ebor.
378 759 548 842 pendente
577 760 723 845 signato,
754 781 856 844 super
884 761 1034 845 quadem
1063 761 1228 825 citatione
1258 760 1352 825 lacta

244 863 406 928 iratribus
422 863 550 928 ordinis
566 864 708 928 militiae
725 865 855 947 Templi
873 864 996 949 viginti
1018 871 1186 949 quattuor
1206 885 1351 930 numero

244 966 276 1032 iu
301 975 414 1032 castro
438 968 539 1033 Ebor.
564 968 802 1042 existentibus,
828 969 955 1034 tenoris
978 969 1186 1053 infrascripti
1211 989 1352 1034 venera-

243 1070 329 1146 bilis,
348 1079 411 1136 etc.
462 1072 481 1096 “
495 1073 601 1137 Prout
618 1073 652 1137 in
670 1093 828 1156 processu
849 1080 972 1138 notato
988 1074 1005 1094 ”
1032 1074 1165 1158 Quibus
1188 1073 1353 1138 tratribus

243 1177 499 1259 praeconizatis,
513 1185 546 1242 et
560 1177 641 1260 ipsis
653 1178 811 1242 omnibus
825 1177 1049 1260 personaliter
1060 1178 1350 1261 comparentibus,

243 1280 350 1344 amoti
377 1281 514 1345 fuerunt
542 1282 605 1365 ipsi
632 1282 826 1366 Templarii,
853 1289 888 1345 et
920 1282 1045 1346 caeteri
1071 1282 1182 1346 clerici
1214 1288 1248 1346 et
1275 1282 1351 1347 laici

243 1384 287 1448 ad
313 1384 444 1449 dictum
471 1385 652 1450 concilium
678 1407 747 1450 non
774 1386 900 1461 vocati,
928 1408 948 1450 a
974 1386 1048 1451 loco
1074 1386 1158 1451 dicti
1184 1386 1351 1471 capituli;

242 1488 430 1573 habitaque
457 1497 576 1573 postea
603 1490 847 1574 disputatione,
876 1497 910 1554 et
937 1491 1161 1555 altercatione
1187 1491 1353 1555 continua

244 1593 332 1657 inter
360 1594 533 1677 praelatos
561 1595 728 1668 doctores,
758 1594 975 1677 professores,
1005 1602 1039 1659 et
1068 1595 1152 1659 alios
1181 1595 1353 1679 praelatos

243 1697 469 1782 supradictos,
482 1718 583 1782 super
594 1699 785 1763 rationibus
796 1706 829 1762 et
842 1699 981 1763 motivis
993 1700 1169 1784 negotium
1181 1699 1352 1764 dictorum

243 1802 514 1886 Templariorum
535 1810 567 1866 et
594 1803 685 1886 ipsos
702 1803 912 1886 Templarios
930 1804 1154 1888 tangentibus
1171 1824 1176 1877 ;
1203 1804 1353 1888 ipsisque

243 1907 465 1990 postmodum
493 1907 694 1991 Templariis
725 1907 858 1971 vocatis
882 1915 916 1971 et
941 1908 1231 1991 comparentibus,
1257 1928 1353 1991 prae-

243 2011 318 2076 tixit
347 2011 437 2077 idem
465 2011 624 2077 dominus
652 2012 939 2095 archiepiscopus,
969 2033 1047 2077 cum
1075 2032 1241 2077 consensu
1269 2011 1352 2076 dicti

242 2116 294 2181 sui
316 2116 459 2189 concilii,
483 2116 609 2181 eisdem
632 2116 834 2199 Templariis
857 2116 948 2180 diem
971 2117 1160 2181 crastinum
1183 2116 1227 2181 ad
1249 2116 1351 2192 idern,

242 2221 336 2306 quod
355 2221 458 2305 prius,
479 2228 512 2284 et
533 2220 607 2285 loco
626 2219 811 2303 praedicto.

261 2376 342 2438 ¹leto
482 2376 558 2458 Quo
582 2375 635 2438 die
656 2375 816 2449 crastino,
835 2374 963 2438 scilicet
981 2391 1017 2440 2⁰
1040 2375 1094 2439 die
1119 2375 1244 2439 mensis
1268 2375 1352 2457 Julii

263 2479 344 2543 sexti
372 2479 571 2563 praedicti,
614 2500 729 2543 coram
774 2479 867 2543 dicto
912 2480 1052 2544 domino
1097 2479 1352 2563 archiepiscopo

265 2584 341 2648 diei.
367 2526 372 2623 Ι
395 2583 553 2648 eeclesiae
586 2584 685 2647 libor.
719 2603 780 2666 pro
813 2584 976 2648 tribunali
1006 2583 1156 2657 sedente,
1188 2583 1353 2667 praefatis

244 2688 390 2753 douriuis
421 2687 640 2751 Dunelmensi
672 2689 729 2767 [et]
763 2687 936 2751 Candidae
966 2688 1081 2761 Casae,
1108 2687 1285 2771 episcopis,
1312 2708 1352 2752 ac

244 2793 318 2857 aliis
353 2792 513 2877 praelatis
547 2799 580 2854 et
614 2791 741 2855 clericis
775 2791 980 2874 supradictis
1014 2791 1078 2855 sibi
1110 2791 1351 2866 assidentibus

245 2898 390 2983 purelati
429 2895 611 2979 Teniplarii
650 2902 688 2959 ut
733 2916 835 2978 supra
880 2903 1156 2978 comparuerunt.
1220 2895 1354 2979 Quibus

244 3002 445 3085 Templariis
472 3007 505 3064 et
534 3001 676 3064 caeteris
703 3000 831 3063 clericis
859 3007 892 3063 et
922 2999 1015 3063 laicis
1043 3000 1087 3063 ad
1114 2998 1247 3063 dictum
1274 3020 1354 3064 con-

244 3107 358 3170 cilium
391 3128 459 3170 uon
492 3106 623 3168 vocatis
655 3128 673 3167 a
708 3104 780 3167 loco
804 3104 886 3167 dicti
911 3102 1052 3186 capituli
1081 3104 1216 3177 amotis
1243 3111 1282 3167 ut
1311 3103 1353 3167 de

244 3211 381 3296 negotio
424 3211 594 3273 dictorum
638 3207 910 3291 Templariorum
954 3207 1086 3289 plenius
1132 3213 1352 3282 tractaretur,

245 3317 431 3399 habitoque
460 3322 612 3379 tuictatu
639 3333 698 3396 per
724 3313 836 3395 ipsum
868 3311 1049 3375 concilium
1081 3333 1183 3395 super
1214 3312 1354 3396 negotio

245 3427 445 3487 memorato,
464 3420 505 3484 de
523 3417 696 3482 communi
714 3437 880 3480 consensu
895 3415 1048 3478 omnium
1062 3415 1190 3479 ibidem
1206 3416 1354 3480 existen·

247 3526 344 3593 tium.
385 3524 565 3607 deputarit
604 3522 694 3585 idem
729 3520 1003 3603 archiepiscopus
1031 3527 1141 3583 certas
1180 3540 1353 3602 personas

246 3631 392 3693 Sauetae
409 3628 611 3711 Theologiae
628 3627 795 3691 doctores,
811 3633 844 3686 et
861 3623 945 3705 juris
961 3624 1114 3686 canonici
1137 3625 1353 3706 professores,

245 3755 284 3798 ac
304 3735 387 3797 alias
405 3733 569 3795 discretas
588 3751 626 3794 ac
647 3730 801 3792 literatus
820 3748 981 3810 personas
1007 3728 1051 3790 ad
1078 3728 1300 3792 tractandum
1319 3736 1353 3792 et

246 3838 377 3922 plenius
391 3835 649 3900 deliberandum
663 3853 765 3916 super
779 3833 936 3915 praelato
950 3832 1179 3914 inquisitionis
1195 3832 1333 3915 negotio
1346 3852 1353 3905 ;

245 3952 278 4006 et
291 3943 401 4006 eidem
412 3941 552 4004 domino
562 3938 817 4020 archiepiscopo
828 3936 882 3999 die
896 3935 1010 3999 Lunae
1022 3935 1177 4018 proxime
1190 3943 1355 4018 sequente

246 4049 280 4112 in
300 4048 420 4111 eodem
440 4045 592 4128 capitulo
613 4041 850 4108 referendum:
876 4039 975 4103 etad
996 4038 1138 4102 ulterius
1159 4038 1354 4103 iaciendum

245 4153 279 4217 iu
303 4152 397 4215 dicto
420 4151 568 4234 negotio,
592 4147 686 4231 <prod
712 4146 776 4209 toti
800 4144 943 4208 concilio
967 4142 1141 4206 videretur
1163 4143 1355 4207 consultius

246 4256 450 4321 laciendum.
501 4253 687 4316 Praedictis
727 4248 928 4331 Templariis
968 4248 1093 4309 iterato
1133 4247 1277 4313 vocatis,
1319 4254 1354 4310 et

246 4360 536 4445 comparentibus,
558 4357 734 4442 praelatus
761 4353 921 4417 dominus
950 4350 1223 4433 archiepiscopus
1250 4351 1355 4434 assig-

246 4467 342 4531 narit
368 4463 495 4527 eisdem
519 4462 609 4526 diem
633 4473 666 4524 et
692 4461 805 4524 locum
828 4455 874 4520 ad
900 4453 1109 4518 sententiam
1132 4453 1355 4519 diffinitivam
