2918 5010
479 364 683 433 Noxrrrenn
709 365 978 436 Convocnrrou.
1227 387 1289 455 119

179 546 278 613 err
308 566 352 612 or
383 565 454 612 rna
484 550 657 614 onnon
687 567 733 613 or
763 567 834 614 rna
866 551 1003 616 Bienor>
1033 569 1078 616 or
1109 551 1283 616 Dunnnn.

253 688 434 769 [Treasnry‚
457 689 496 750 D.
520 691 585 751 and
607 690 640 751 C.
664 692 698 751 ol
719 691 876 760 Durham‚
899 691 958 752 loc.
983 708 1032 760 20,
1058 693 1098 769 1].

260 823 397 886 Domini
437 824 677 888 Dunelmensis
715 826 875 909 Episcopi
913 825 1105 890 Officiarius
1142 826 1283 890 domino

173 926 340 991 Willelmo
367 927 409 991 de
439 928 557 1002 Esshe,
587 928 727 993 Decano
757 929 1027 994 Christianitatis
1060 928 1281 994 Dunelmensi

171 1032 327 1096 salutem.
376 1032 464 1115 Quia
482 1053 542 1115 per
559 1033 675 1097 literas
693 1034 896 1098 venerabilis
915 1034 948 1098 in
967 1033 1101 1098 Christo
1120 1034 1228 1117 patris
1245 1039 1281 1097 et

172 1136 300 1200 domini
344 1137 452 1199 nostri
496 1137 634 1201 Domini
678 1137 818 1202 Walteri
855 1138 1040 1220 [Skirlawe]
1076 1138 1139 1201 Dei
1170 1138 1283 1222 gratia

172 1241 332 1323 Episcopi
363 1240 602 1304 Dunelmensis
626 1242 725 1305 nobis
754 1241 901 1306 directas
931 1242 1171 1318 intelleximus,
1197 1263 1284 1326 quas

171 1345 269 1409 vobis
307 1365 386 1409 curn
425 1346 663 1427 praesentibus
703 1345 871 1410 tradimus
910 1346 1149 1430 inspiciendas
1188 1347 1283 1432 quod

171 1449 342 1534 quaedam
382 1448 593 1513 Convocatio
632 1451 711 1514 cleri
751 1451 784 1514 in
824 1451 964 1515 ecelesia
1008 1451 1130 1534 majori
1177 1452 1280 1516 Ebor.

171 1575 232 1638 pro
245 1554 347 1617 certis
362 1552 507 1637 negotiis
519 1553 695 1617 ecclesiam
709 1554 945 1638 Anglicanam,
958 1574 1070 1639 regem
1083 1562 1118 1619 et
1129 1576 1283 1640 regnum,

172 1658 457 1722 concernentibus
487 1658 545 1721 fiet
574 1658 779 1722 celebranda
808 1658 862 1722 die
892 1658 991 1741 Jovis
1020 1660 1176 1743 proximo
1205 1666 1284 1743 post

175 1763 301 1826 testum
346 1762 462 1850 Sancti
508 1762 659 1846 Gregorii
703 1783 814 1846 papae
860 1765 913 1845 [12
959 1763 1084 1841 Martii]
1131 1764 1285 1846 proxime

175 1868 341 1939 futurum,
380 1867 479 1929 vobis
516 1867 619 1950 igitur
656 1868 688 1930 in
726 1867 856 1931 virtute
892 1866 1107 1931 obedientiae
1144 1868 1288 1932 firmiter

175 1970 386 2055 injungendo
428 1970 645 2045 mandamus
688 1978 861 2055 quatenus
902 1972 1015 2035 citetis
1057 1973 1285 2055 peremptorie

176 2075 325 2139 Priorem
350 2075 510 2139 ecclesiae
538 2075 744 2140 cathedralis
774 2075 1013 2140 Dunelmensis
1037 2082 1071 2138 et
1095 2075 1286 2158 capitulum

175 2179 340 2262 ejusdem,
370 2200 410 2242 ac
438 2180 727 2245 Archidiaconum
760 2180 1038 2253 Dunelmensem,
1068 2179 1163 2263 quod
1195 2179 1285 2244 idem

176 2283 272 2347 Prior
295 2289 329 2346 et
354 2282 625 2347 Archidiaconus
649 2291 871 2367 compareant
896 2283 1129 2368 personaliter,
1156 2283 1288 2348 dictum

177 2408 257 2451 vero
279 2387 479 2470 Capitulum
508 2409 567 2471 per
595 2396 852 2471 procuratorem
870 2386 1036 2452 ‘idoneum
1063 2388 1288 2452 sufficientem

176 2499 386 2576 potestatem
401 2493 597 2565 habentem,
611 2492 712 2555 dictis
724 2492 779 2555 die
792 2501 826 2555 et
842 2492 926 2567 loco,
942 2492 1044 2576 juxta
1057 2492 1128 2556 vim
1142 2493 1289 2557 formam

176 2603 210 2660 et
229 2597 392 2660 effectum
409 2597 585 2659 literarum
603 2596 732 2660 domini
750 2598 857 2660 nostri
875 2596 1142 2680 praedictarum,
1157 2618 1289 2662 necnon

177 2721 294 2764 omnes
328 2706 361 2763 et
395 2700 545 2782 singulos
579 2700 735 2764 Decanos
768 2701 985 2766 ecclesiarum
1018 2702 1287 2787 collegiatarum,

177 2811 336 2878 rectores,
391 2805 534 2868 vicarios
588 2810 622 2867 et
675 2806 856 2888 magistros
909 2806 1142 2890 hospitalium,
1195 2806 1289 2892 quod

177 2916 399 2992 compareant
434 2916 468 2972 et
502 2909 648 2993 quilibet
683 2930 800 2973 eorum
834 2917 1032 2993 compareat
1066 2912 1291 2994 personaliter

177 3034 292 3077 coram
326 3013 423 3076 nobis
457 3013 490 3076 in
524 3014 664 3077 ecclesia
697 3014 814 3077 Sancti
848 3013 1004 3078 Nicholai
1038 3015 1072 3078 in
1106 3015 1289 3079 Dunelmia

177 3118 328 3182 secundo
359 3117 413 3180 die
444 3118 570 3180 mensis
604 3118 717 3181 Martii
748 3119 903 3201 proxime
936 3118 1053 3182 luturo
1084 3118 1149 3181 sub
1180 3138 1292 3201 poena

178 3222 394 3286 multationis
431 3222 492 3283 vis.
533 3219 626 3304 viijd.
665 3223 819 3306 quolibet
854 3223 995 3286 absente
1030 3242 1090 3305 per
1126 3242 1188 3286 nos
1221 3242 1291 3286 non

179 3327 349 3391 immerito
376 3327 601 3390 levandorum
628 3325 672 3389 ad
698 3326 899 3411 elegendum
928 3325 998 3407 (sic)
1028 3333 1288 3410 procuratorem

179 3431 339 3495 idoneum
362 3431 406 3493 ad
430 3431 700 3495 interessendum
724 3432 862 3496 nomine
883 3432 961 3495 cleri
984 3430 1293 3496 Archidiaconatus

179 3535 418 3599 Dunelmensis
468 3535 569 3597 dictis
619 3534 673 3598 die
724 3543 757 3598 et
810 3535 883 3599 loco
932 3535 1034 3617 juxta
1084 3535 1292 3620 exigentiam

178 3639 431 3723 praedictarum
458 3638 646 3714 literarum,
673 3639 902 3703 certificantes
928 3639 1027 3703 nobis
1051 3638 1153 3703 dictis
1177 3639 1232 3703 die
1257 3645 1292 3702 et

178 3744 251 3808 loco
275 3743 317 3806 de
341 3744 433 3807 omni
458 3764 497 3806 eo
521 3744 614 3827 quod
645 3744 790 3807 feceritis
823 3743 856 3806 in
890 3743 1084 3826 praemissis
1114 3764 1183 3807 una
1214 3764 1291 3808 cum

179 3848 374 3911 nominibus
397 3848 583 3911 citatorum
607 3868 667 3931 per
690 3848 806 3910 literas
830 3853 966 3910 vestras
989 3853 1148 3930 patentes
1172 3845 1293 3911 barum

177 3953 296 4016 seriem
329 3952 556 4026 continentes,
590 3951 699 4035 sigillo
733 3958 849 4015 vestro
881 3953 1110 4035 consignatas.
1159 3952 1293 4017 Datum

180 4056 380 4121 Dunelmiae
406 4056 507 4139 xviij0
523 4056 577 4120 die
594 4057 720 4119 mensis
738 4057 912 4120 Februarii
930 4073 1001 4120 no.
1022 4055 1116 4138 1396.

264 4197 317 4260 On
335 4196 392 4258 the
411 4196 498 4259 back
514 4196 773 4260 z-Mandatum
790 4196 1166 4260 excommunicationis.

268 4337 472 4402 blandatum
526 4337 676 4420 episcopi
728 4336 772 4400 ad
824 4336 1004 4401 citandum
1056 4336 1207 4401 Priorem
1258 4342 1293 4400 et

178 4439 375 4524 Capitulum
402 4441 442 4505 D.
472 4462 533 4524 pro
564 4439 818 4505 Convocatione
850 4441 928 4505 cleri
961 4441 1065 4506 Ebor.
