2962 5002
211 410 272 459 102
338 359 501 488 ...⁰2²⁰
599 391 770 455 Recoaus
794 407 840 453 or
863 407 934 454 rus

201 562 396 678 ‘probte'eir
437 583 543 647 literis
583 582 652 645 suis
691 602 779 665 quas
818 580 951 644 clausas
992 580 1193 663 recepimus,
1229 579 1332 643 licuit

211 665 388 772 ’euidenter
403 707 409 762 ;
435 686 533 770 cujus
546 692 643 749 tenor
654 684 810 769 sequitur
821 683 855 748 in
869 685 952 748 haec
965 684 1069 747 verba
1086 704 1092 746 :
1120 683 1326 758 Edwardus,

128 796 317 879 bu,
342 798 405 855 etc.
454 790 619 874 Quocirca
650 789 827 872 cupientes
855 808 1005 871 eaquae
1031 787 1267 851 defensionem
1291 792 1329 850 et

88 893 401 976 utilitatem
434 883 585 978 regis'et
619 892 711 977 regni
743 891 993 965 concernentia,
1028 911 1230 975 promovere
1264 911 1329 974 pro

39 996 48 1015 ⁹
119 977 154 1033 ·.·
215 997 355 1072 viribus,
381 1004 419 1062 ut
445 1004 610 1070 tenemur,
635 996 714 1060 licet
738 1016 779 1058 ex
803 994 980 1078 privilegio
1003 994 1092 1058 sedis
1116 993 1331 1078 apostolicae

213 1100 311 1165 nobis
339 1100 474 1165 indulto
502 1101 546 1164 ab
576 1099 772 1164 obedientia
805 1105 839 1162 et
870 1097 1084 1181 subjectione
1117 1097 1329 1162 omnimodis

214 1203 343 1267 domini
384 1203 638 1286 Archiepiscopi
679 1201 902 1266 Eboracensis
942 1208 976 1265 et
1016 1221 1253 1266 successorum
1295 1208 1331 1265 et

215 1305 374 1370 ecclesiae
402 1306 505 1370 Ebur.
536 1306 699 1369 fuerimus
726 1305 877 1389 exempti
905 1312 940 1368 et
969 1305 1124 1369 totaliter
1151 1305 1329 1380 absoluti;

217 1409 315 1473 vobis
328 1409 534 1473 mandamus
547 1409 689 1472 tirmiter
703 1408 919 1494 injungentes
932 1416 1105 1493 quatenus
1118 1409 1333 1474 auctoritate

215 1519 334 1577 nostra
353 1513 466 1576 citetis
486 1533 545 1576 seu
565 1513 664 1576 citari
685 1512 819 1576 faciatis
839 1513 987 1596 priorem
1007 1513 1169 1577 ecclesiae
1189 1520 1332 1577 nostrae

216 1615 420 1680 Dunolmiae
446 1622 480 1679 et
505 1615 696 1698 capitulum
722 1615 887 1699 ejusdem,
914 1637 954 1681 ac
980 1616 1157 1681 universos
1183 1618 1333 1681 abbates

216 1725 250 1783 et
282 1719 410 1801 priores
441 1725 475 1782 et
507 1718 591 1782 alios
619 1718 791 1793 electivos,
820 1725 893 1783 tam
919 1727 1100 1803 exemptos
1126 1740 1233 1805 quam
1260 1742 1333 1785 non

215 1833 404 1906 exemptos,
438 1843 569 1886 necnon
602 1822 749 1886 decanos
780 1822 1038 1887 archidiaconos
1068 1824 1223 1907 capitula
1251 1845 1334 1888 con-

217 1932 343 1990 ventus
375 1934 408 1990 et
445 1925 585 2010 collegia
613 1925 809 2010 clerumque
839 1927 946 1990 totius
973 1926 1166 1991 dioeceseos
1192 1934 1333 1992 nostrae

216 2049 256 2094 ac
291 2029 443 2093 civitatis
474 2036 507 2093 ct
540 2029 757 2110 diloeceseos]
792 2029 1008 2103 Dunolmiae‚
1041 2038 1215 2114 quatenus
1247 2031 1334 2096 dicti

215 2132 361 2195 abbates
393 2133 520 2216 priores
552 2132 671 2196 decani
704 2133 934 2197 archidiaconi
967 2134 1203 2218 personaliter,
1237 2155 1335 2200 more

215 2233 327 2302 solito,
363 2235 426 2298 nisi
460 2236 502 2298 de
536 2234 688 2319 legitimo
723 2236 971 2319 impedimento
1004 2237 1126 2302 docere
1160 2247 1309 2322 possunt
1326 2260 1334 2315 ;

215 2338 401 2400 eomndem
429 2337 581 2420 capitula
611 2349 644 2402 et
673 2339 813 2423 collegia
841 2340 974 2425 singula
1004 2362 1064 2425 per
1091 2351 1336 2426 procuratores

195 2439 376 2524 singulos.
421 2440 598 2523 clerusque
652 2462 712 2525 per
761 2443 848 2506 duos
901 2454 1140 2527 procuratores
1191 2445 1336 2511 idoneos

216 2541 423 2605 sullieieuter
446 2543 631 2606 instructos
653 2545 790 2626 plenam
811 2556 844 2609 et
866 2548 1092 2612 sufficientem
1119 2557 1337 2633 potestatem

216 2644 261 2706 ab
282 2644 362 2726 ipsis
378 2646 605 2708 comentibus
621 2648 782 2729 capitulis
798 2650 946 2733 collegiis
963 2661 995 2714 et
1014 2652 1105 2715 clero
1120 2653 1335 2730 obtinentes,

216 2746 309 2829 qum
326 2746 393 2809 siut
417 2748 450 2810 in
467 2748 606 2811 eeclesia
623 2750 810 2814 cathedrali
828 2763 861 2815 et
880 2756 1137 2838 metropolitica
1155 2757 1260 2821 Ebor.
1279 2759 1337 2823 die
1434 2766 1438 2772 '

216 2847 332 2911 mee
357 2850 513 2932 pmximo
536 2860 613 2933 post
640 2853 764 2917 testum
790 2857 821 2918 S.
848 2856 970 2937 Jacobi
996 2860 1156 2942 apostoli,
1182 2861 1248 2924 siz.
1277 2862 1338 2927 28⁰

218 2950 272 3013 die
282 2950 299 3032 J
308 2951 364 3014 ulii
377 2955 530 3036 proxime
543 2955 669 3023 loturo,
680 2978 759 3020 cum
769 2960 1030 3025 continuatione
1041 2972 1075 3026 et
1088 2967 1336 3048 prorogatione

216 3054 348 3118 diemm
387 3058 615 3139 sequentinm.
650 3072 822 3143 qnatenus
858 3085 945 3147 opus
990 3067 1104 3135 luerit,
1147 3068 1336 3135 tractaturi

216 3159 395 3222 amilium
425 3181 547 3224 sinum
581 3166 638 3243 eij
674 3165 856 3246 providum
886 3168 1073 3251 impensuri
1101 3192 1205 3255 super
1235 3194 1337 3257 prae

218 3261 384 3324 missiset
411 3284 450 3324 ea
472 3267 756 3330 concernentibus
783 3270 906 3333 iaemri
932 3273 1075 3335 ulterius
1099 3286 1134 3337 et
1160 3280 1336 3361 recepturi

217 3363 310 3446 qiud
358 3364 484 3427 ibidem
532 3386 593 3448 pro
618 3368 769 3432 utilitate
816 3374 977 3438 eeclesiae
1026 3379 1119 3459 regni
1168 3390 1202 3442 et
1251 3382 1335 3446 cleri

219 3466 426 3529 unanimiter
447 3482 480 3529 et
504 3470 727 3537 concorditer.
746 3472 949 3557 disparente
968 3479 1128 3546 Dmnino.
1146 3484 1333 3568 contigerit

218 3567 390 3634 enlinari:
428 3590 557 3652 tueque
582 3592 643 3654 pro
667 3573 723 3635 ille
746 3575 811 3641 die.
836 3580 863 3640 si
889 3581 1079 3664 legitimum
1105 3584 1332 3668 biandimen-

220 3682 293 3732 mm
346 3671 575 3737 halmerimus.
627 3678 811 3757 nilominus
864 3684 990 3748 ibidem
1043 3687 1098 3748 die
1152 3690 1332 3771 praedicto

218 3773 387 3856 {saunas
414 3776 635 3855 personanter
663 3780 833 3847 irriensse.
861 3788 1019 3869 supplere
1048 3792 1209 3854 reimuus
1236 3794 1329 3856 aas

219 3888 364 3938 ruistms.
388 3895 476 3956 ernas
500 3878 598 3939 robis
620 3884 870 3948 cummiumms
896 3890 929 3952 in
954 3913 993 3952 ea
1018 3910 1127 3974 pune.
1155 3916 1207 3957 ne.
1232 3896 1326 3977 qucvd

218 3978 320 4042 alsit.
353 3976 472 4039 dilatio
504 3981 732 4061 expeditionis
765 3990 849 4069 regis
881 4008 940 4053 aut
976 4015 1069 4077 n‘gm
1102 3999 1325 4079 neeiigentiae

220 4096 355 4145 metrae
379 4096 438 4142 aar
463 4096 596 4144 restrae
621 4085 733 4148 valeat
759 4096 931 4172 :inparata
983 4096 1025 4158 Er
1049 4066 1242 4181 specialiter
1263 4119 1324 4160 us

217 4184 459 4249 durstitamras
488 4204 654 4266 organum
684 4208 778 4252 rma<
807 4210 953 4257 :astare
986 4199 1031 4260 ad
1061 4200 1321 4283 protestantium

218 4309 280 4372 pre
305 4286 403 4349 nobis
427 4306 486 4348 seu
512 4288 647 4351 nemine
674 4307 789 4356 nestro
815 4298 910 4379 qued
935 4318 1004 4360 nen
1031 4302 1244 4368 intendemus
1267 4319 1323 4380 per

217 4390 510 4474 umrprratitmem
525 4406 680 4456 uestram
699 4394 825 4461 ibidem
844 4412 905 4462 aut
928 4414 1081 4467 usuram
1101 4425 1165 4469 seu
1188 4400 1328 4478 alicujus
