2918 5010
205 390 267 454 150
596 364 768 436 areolos
792 381 837 433 or
861 385 932 432 rire

203 571 421 649 congregato,
456 564 489 627 in
523 563 639 647 lingua
671 561 803 646 vulgari
837 566 871 624 et
905 566 1061 623 materna
1094 559 1240 642 publice,
1275 566 1314 623 ut

203 669 358 743 asseruit,
384 666 621 751 praedicatos;
659 672 694 729 et
718 666 819 749 petiit
843 666 956 729 dictus
981 663 1228 728 referendarius
1251 683 1314 728 suo

204 779 238 836 et
263 774 370 835 totius
392 771 639 835 convocatione
662 771 811 845 nomine,
836 776 874 834 ut
898 789 990 833 error
1012 769 1085 843 iste,
1110 768 1157 833 sic
1180 767 1317 860 noviter

204 875 367 940 inductus
398 882 431 938 et
464 875 692 959 praedicatus,
725 894 786 959 per
816 873 973 937 dominos
1005 872 1248 956 praesidentes,
1281 878 1313 935 et

204 981 315 1065 ipsam
344 1000 477 1043 sacram
506 979 790 1043 convocationem
820 977 1060 1042 emendaretur
1089 983 1122 1041 et
1153 978 1314 1042 reforma-

204 1091 320 1159 retur;
346 1084 434 1147 dixit
458 1084 559 1158 enim,
584 1084 677 1168 quod
702 1089 821 1147 tantus
844 1103 936 1146 error
958 1082 992 1146 in
1016 1088 1116 1146 tanta
1139 1081 1315 1146 audientia

205 1189 424 1273 praedicatus
446 1196 480 1252 et
503 1187 713 1272 divulgatae,
738 1187 770 1250 in
795 1187 905 1249 multa
927 1186 1018 1249 mala
1040 1191 1074 1249 et
1099 1184 1316 1250 incommoda

204 1293 433 1357 verisimiliter
447 1292 625 1376 provenire
639 1299 765 1375 posset,
783 1291 846 1354 nisi
861 1290 962 1355 citius
976 1290 1102 1354 debitis
1117 1296 1317 1355 occurratur

204 1397 361 1463 remediis
381 1403 415 1460 et
437 1396 686 1480 opportunius:
713 1394 772 1480 qui
793 1394 935 1478 quidam
956 1394 1090 1458 articuli
1111 1400 1313 1478 sequuntur,

204 1508 239 1566 et
258 1507 340 1565 sunt
360 1500 466 1564 tales:

293 1629 456 1693 Sacerdos
475 1628 509 1692 in
528 1634 669 1711 peccato
688 1630 824 1693 mortali
843 1629 970 1712 lapsus,
990 1650 1058 1693 non
1077 1637 1128 1693 est
1146 1629 1314 1692 sacerdos.

206 1736 336 1799 lterum
361 1732 437 1796 dico
461 1733 554 1815 quod
579 1753 646 1796 non
671 1740 721 1796 est
747 1734 914 1810 sacerdos
936 1742 970 1797 et
995 1734 1097 1797 tertio
1122 1734 1198 1797 dico
1221 1732 1316 1818 quod

207 1859 275 1902 non
298 1844 349 1901 est
370 1837 528 1900 sacerdos
549 1856 664 1900 coram
687 1837 770 1903 Deo

295 1980 383 2042 item
434 1978 528 2061 quod
575 1979 757 2042 saecularis
805 1978 909 2062 judex
955 1999 1096 2042 manum
1138 1979 1318 2062 imponens

206 2084 395 2147 violentam
432 2082 465 2145 in
502 2081 714 2146 sacerdotem
751 2084 942 2147 mortaliter
977 2084 1245 2168 delinquentem,
1282 2083 1317 2146 in

206 2189 420 2253 sacerdotem
439 2207 581 2250 manum
600 2187 789 2251 violentam
807 2208 876 2251 non
895 2188 1051 2272 imponit.

296 2318 385 2380 Item
413 2316 506 2401 quod
535 2317 618 2380 lraec
646 2317 725 2391 duo,
751 2317 889 2392 scilicet,
916 2318 1111 2382 thurificare
1139 2319 1173 2382 in
1201 2320 1318 2383 Veteri

207 2424 441 2495 Testamenta
467 2428 501 2484 et
526 2421 768 2485 eucharistiam
792 2442 988 2486 consecrare
1013 2423 1046 2486 in
1071 2421 1181 2497 Novo,
1207 2426 1318 2488 solum

207 2534 242 2591 et
258 2527 291 2589 in
307 2525 454 2588 solidum
471 2524 652 2588 includunt
668 2531 702 2589 et
714 2525 913 2609 exprimunt
929 2526 1078 2591 officium
1092 2527 1315 2593 sacerdotale.

297 2657 386 2718 ltem
405 2654 499 2738 quod
517 2653 657 2717 ccclesia
675 2654 813 2719 nolente
832 2657 885 2718 vel
904 2677 973 2719 non
991 2658 1155 2741 puniente
1174 2658 1318 2722 fornica-

208 2761 285 2835 rios,
328 2759 460 2822 licitum
501 2765 551 2821 est
599 2759 808 2822 secularibus
849 2761 984 2824 eosdem
1026 2781 1136 2845 poena
1177 2763 1320 2826 carceris

208 2866 386 2950 castigarc,
407 2871 441 2927 ct
462 2864 505 2927 ad
526 2864 588 2927 hoc
609 2865 847 2948 astringuntur
866 2865 1002 2929 vinculo
1021 2866 1185 2930 caritatis.

298 2996 386 3058 ltem
413 2993 506 3077 quod
532 2994 687 3057 nonnulli
714 3001 786 3058 tam
814 2995 970 3058 mulieres
995 3016 1101 3078 quam
1128 2998 1318 3079 presbyteri

209 3102 322 3174 modo,
338 3100 431 3185 quod
447 3099 632 3163 dolendum
647 3107 709 3174 est,
725 3121 793 3163 non
809 3107 970 3163 verentur
984 3099 1123 3182 perjurii
1138 3109 1319 3183 peccatum

210 3206 400 3279 incurrere;
427 3212 460 3268 et
481 3205 621 3269 ecclesia
641 3206 729 3268 circa
750 3210 926 3286 suspectos
947 3203 988 3266 de
1008 3212 1150 3287 peccato
1170 3206 1318 3281 mortali,

210 3319 344 3394 praeter
364 3310 533 3393 abjurare,
555 3330 623 3373 non
644 3310 749 3372 habet
770 3309 861 3371 ultra
882 3309 1013 3382 lacere;
1041 3315 1221 3391 propterea
1240 3310 1319 3374 licet

208 3415 313 3497 judici
329 3413 471 3477 seculari
486 3414 613 3477 nedum
630 3413 837 3487 mulieribus,
854 3412 913 3474 sed
929 3414 1137 3496 presbyteris
1152 3405 1320 3498 suspectis

205 3519 346 3582 insidias
367 3536 501 3600 ponere,
524 3524 558 3579 et
580 3516 716 3579 eosdem
738 3516 965 3599 deprehensos
986 3517 1120 3599 publice
1141 3539 1201 3602 per
1222 3520 1318 3583 vicos

211 3622 390 3695 adducore,
410 3629 445 3684 et
464 3621 570 3703 judici
590 3628 817 3703 praesentare.

300 3749 388 3810 Item
427 3746 520 3829 quod
559 3745 716 3808 sacerdos
756 3767 815 3829 per
854 3746 956 3810 laicos
995 3757 1128 3832 captus,
1169 3772 1320 3816 carceres

212 3853 338 3916 intrare
363 3870 531 3923 recusans,
557 3850 647 3912 licite
671 3851 715 3913 ab
739 3851 866 3914 eisdem
889 3855 1097 3918 secularibus
1123 3857 1321 3921 verberibus

212 3956 368 4040 compelli
385 3954 491 4038 possit
508 3953 611 4027 adire,
629 3955 758 4038 absque
775 3957 957 4039 injectione
973 3980 1139 4023 manuum
1156 3961 1322 4026 violenta-

213 4083 288 4127 rum
306 4079 599 4145 quarumcunque,
619 4061 768 4141 eoquod
793 4061 924 4125 licitum
947 4063 991 4126 sit
1010 4065 1080 4127 vim
1098 4066 1131 4127 vi
1150 4067 1320 4148 repellere.

301 4191 432 4274 Quibus
457 4188 608 4252 articulis
632 4190 794 4273 inspectis
818 4198 851 4252 et
877 4192 1043 4273 perlectis,
1070 4202 1102 4256 et
1128 4196 1209 4278 ipsis
1234 4197 1323 4261 inter

213 4283 370 4360 dominos
389 4293 621 4378 praesidentes
641 4314 680 4355 ac
700 4299 810 4357 totam
831 4298 1113 4360 convocationem
1133 4303 1321 4365 communi·

214 4402 310 4474 catis,
339 4399 380 4462 de
407 4396 572 4461 mandato
599 4396 769 4460 dictorum
797 4398 1012 4463 dominorum
1039 4403 1320 4485 praesidentium,
