2918 5010
478 389 683 456 Noaruanu
708 391 977 459 Convocnrrou.
1242 395 1283 477 83

172 585 200 648 si
223 584 451 669 quodcunque
471 584 663 649 subsidium
688 605 748 668 per
771 585 948 650 dominum
973 594 1130 651 nostrum
1155 609 1282 673 papam

172 696 233 753 aut
258 688 362 754 alium
384 709 443 754 seu
468 689 553 753 alios
573 710 797 773 quoscunque
817 690 890 753 vice
911 698 972 754 aut
992 692 1200 756 auctoritate
1220 714 1282 758 sua

172 814 230 857 seu
255 794 422 858 mandato
446 794 602 878 praefato
626 793 766 858 domino
791 800 908 857 nostro
932 793 1014 879 Regi
1039 795 1128 860 infra
1152 817 1282 861 annum

172 897 377 962 durantibus
409 898 562 962 terminis
593 897 773 962 solutionis
807 918 867 981 per
901 918 963 962 nos
996 899 1172 964 faciendae
1201 921 1281 966 con-

171 1002 315 1067 cedatur
338 1002 464 1066 solutio
495 1022 556 1085 per
591 1022 653 1065 nos
692 1002 847 1066 facienda
883 1003 984 1067 cedat
1024 1023 1085 1086 pro
1123 1005 1281 1088 portione

171 1106 350 1171 solutionis
381 1113 415 1170 et
443 1106 668 1171 concessionis
693 1106 868 1189 praedicto
896 1107 1036 1171 domino
1064 1114 1184 1172 nostro
1212 1110 1280 1194 regi

173 1210 357 1275 faciendae.

260 1352 349 1416 ltem
373 1352 467 1436 quod
492 1353 534 1417 de
558 1353 717 1436 dampnis
742 1360 776 1417 et
802 1353 934 1435 injuriis
959 1354 992 1418 in
1020 1354 1154 1438 juribus
1182 1355 1282 1420 bonis

171 1464 206 1521 et
229 1458 330 1521 rebus
352 1457 511 1521 ecclesiae
535 1458 637 1521 Ebor.
663 1477 724 1540 pro
748 1465 901 1540 tempore
924 1458 1065 1523 ultimae
1088 1460 1283 1524 vacationis

171 1561 325 1645 ejusdem
368 1561 652 1645 qualitercunque
696 1561 796 1625 factis
839 1568 900 1626 aut
944 1561 1058 1634 illatis,
1103 1565 1280 1646 praefatae

173 1665 331 1730 ecclesiae
349 1665 464 1739 Ebot„
483 1665 557 1748 ejus
573 1665 828 1748 archiepiscopo
844 1671 905 1729 aut
922 1666 1086 1749 capitulo,
1104 1667 1165 1730 fiat
1182 1668 1283 1732 satis·
1337 1727 1350 1749 ,

173 1770 278 1834 factio
301 1776 335 1833 et
359 1770 513 1833 emenda.
562 1769 608 1832 Et
630 1769 724 1852 quod
747 1774 861 1832 certae
885 1789 1048 1852 personae
1071 1770 1285 1853 deputentur

173 1894 214 1938 ex
231 1880 328 1958 parte
344 1873 473 1937 domini
490 1873 576 1958 regis
591 1893 670 1936 cum
685 1873 858 1957 aliquibus
873 1873 1045 1937 canonicis
1060 1873 1102 1937 dc
1118 1875 1283 1957 capitulo,

173 1978 217 2042 ad
235 1977 477 2061 inquirendum
495 1978 537 2041 de
555 1977 752 2060 hujusmodi
770 1977 930 2060 dampnis
947 1977 1080 2060 injuriis
1097 1978 1131 2041 in
1149 1977 1284 2062 juribus

173 2082 391 2147 libertatibus
419 2082 517 2146 bonis
549 2088 610 2147 aut
639 2084 738 2145 rebus
767 2082 961 2165 praedictae
990 2080 1092 2146 Ebot.
1123 2082 1284 2146 ecclesiae

175 2187 297 2261 factis;
322 2192 357 2250 et
385 2186 578 2251 laciendum
606 2186 741 2269 plenam
768 2185 940 2268 justitiam
966 2192 1001 2249 et
1027 2192 1283 2269 competentem

173 2291 353 2355 emendam
374 2292 408 2355 in
429 2292 492 2355 hac
512 2297 622 2374 parte.

263 2433 363 2506 Item,
414 2433 507 2517 quod
559 2432 760 2514 temporalia
810 2452 1035 2516 quaecunque
1086 2432 1282 2516 praedictae

175 2537 334 2602 ecclesiae
372 2538 486 2610 Ebor,
523 2537 684 2620 quotiens
722 2537 830 2619 ipsam
869 2556 992 2600 vacare
1030 2538 1212 2623 contigerit
1250 2539 1283 2602 in

176 2643 342 2713 futurum,
356 2648 530 2705 remaneat
545 2641 578 2704 in
592 2640 748 2704 custodia
762 2641 916 2723 capituli,
930 2640 1112 2706 vacatione
1124 2642 1282 2718 durante,

176 2745 348 2810 reddendo
362 2745 440 2808 in'de
453 2752 582 2808 certam
596 2745 760 2828 pecuniae
771 2765 941 2809 summam
955 2746 1133 2830 praedicto
1144 2746 1284 2811 domino

176 2850 257 2935 Regi
287 2870 349 2934 pro
378 2857 532 2933 tempore
560 2849 751 2913 vacationis
781 2848 882 2933 juxta
914 2849 1171 2932 inquisitionem
1205 2851 1284 2915 indc

177 2955 303 3018 factam
340 2954 463 3019 ultimo
498 2961 650 3037 tempore
685 2953 877 3018 vacationis
912 2953 1118 3037 praedictae,
1154 2962 1188 3019 et
1224 2974 1286 3039 per

176 3058 362 3143 deputatos
400 3065 621 3133 retomatam‚
663 3057 741 3123 *seu
781 3078 841 3141 per
877 3058 985 3122 bonos
1023 3065 1056 3121 et
1096 3058 1211 3122 fideles
1249 3059 1283 3123 in

176 3163 383 3227 scaccarium
425 3161 526 3246 Regis
567 3161 793 3237 faciendam*
838 3169 898 3226 aut
942 3168 1078 3226 tantam
1120 3163 1284 3244 pecuniae

176 3287 358 3341 summam,
375 3286 481 3349 quam
500 3266 613 3330 dictus
630 3266 789 3330 dominns
812 3265 885 3329 Rex
905 3286 967 3350 pro
984 3272 1061 3330 rato
1082 3265 1187 3348 ipsius
1205 3265 1285 3329 inde

178 3378 267 3436 recte
285 3378 319 3435 et
338 3371 440 3434 libere
458 3370 620 3453 percepit.

266 3511 365 3586 Item,
418 3510 512 3594 quod
566 3508 709 3593 pecunia
761 3510 803 3573 de
854 3509 1079 3593 hujusfmodi]
1133 3511 1286 3578 subsidio

178 3616 322 3681 levanda
364 3622 397 3678 et
434 3614 662 3698 percipienda,
700 3615 734 3678 in
770 3614 959 3679 utilitatem
994 3620 1028 3678 et
1064 3615 1286 3682 commodum

179 3721 324 3804 praefati
335 3719 464 3784 domini
480 3719 592 3803 Regis,
606 3725 679 3782 tam
690 3719 734 3783 ad
745 3718 978 3782 defensionem
990 3725 1024 3782 et
1038 3719 1286 3802 protectionem
1345 3713 1346 3716 ¹

180 3825 270 3910 regni
298 3824 440 3909 Angliae
468 3823 685 3887 ecclesiarum
714 3822 792 3887 cleri
821 3830 856 3886 et
883 3823 1001 3906 populi
1033 3823 1225 3887 dioeceseos
1252 3833 1287 3890 et

180 3930 374 4014 provinciae
409 3928 512 3992 Ebor.
542 3934 663 3991 contra
692 3927 811 3991 Scotos
839 3933 873 3990 et
902 3926 1043 3991 hostiles
1071 3928 1225 3993 incursus
1253 3929 1287 3994 in

181 4035 337 4118 partibus
392 4032 584 4097 Borialibus
639 4051 700 4115 pro
754 4038 907 4115 tempore
959 4031 1063 4114 hujus
1108 4032 1288 4097 solutionis

182 4139 355 4202 faciendae
389 4143 600 4221 emergentes
631 4135 795 4210 totaliter,
827 4141 880 4199 vel
911 4135 1034 4199 saltem
1066 4155 1129 4218 pro
1164 4136 1287 4219 majori

182 4250 289 4326 parte,
307 4249 341 4306 et
366 4262 432 4306 non
456 4242 489 4305 in
511 4240 594 4304 alios
615 4260 696 4304 usus
716 4246 948 4305 convertatur.

254 4401 267 4430 ⁸
291 4401 412 4449 lnserterl
434 4401 460 4448 in
482 4400 529 4448 the
549 4404 610 4448 text
627 4399 693 4447 with
715 4414 731 4448 a
751 4397 880 4448 different
900 4397 955 4455 inu,
976 4397 1083 4461 though
1099 4397 1128 4446 of
1148 4398 1195 4447 the
1212 4413 1289 4449 same

182 4482 286 4546 period.
