2962 5002
253 345 317 411 344
637 329 811 395 Rscorurs
834 348 880 396 or
902 349 974 397 rue

248 519 326 584 fidei
348 520 531 585 comfutari
559 527 593 584 et
618 521 850 597 exterminari,
873 523 979 587 immo
1000 524 1195 588 honorificis
1216 524 1299 588 viris
1321 531 1356 588 et

248 623 403 688 discretis
415 625 558 689 Alberto
573 627 743 690 monacho
759 625 949 711 Latigniaci
966 635 1000 691 et
1019 628 1182 713 Magistro
1204 628 1358 711 Sycardo

248 727 290 791 de
307 729 432 802 Vaur0,
450 729 615 813 praedicti
633 729 758 794 summi
776 730 947 813 pontificis
963 731 1165 816 Capellanis,
1182 733 1227 797 ad
1244 733 1357 817 inqui·

248 832 392 897 rendum
415 833 504 898 circa
526 834 713 918 singulares
735 854 897 917 personas
920 835 1002 899 dicti
1026 835 1154 900 ordinis
1177 837 1211 901 in
1237 836 1358 922 Regno

247 937 390 1021 Angliae
417 944 451 1001 et
479 944 594 1003 totum
621 937 784 1003 Ordinem
812 938 857 1002 ad
885 959 1025 1023 regnum
1053 940 1269 1023 praedictum
1297 961 1359 1025 per

248 1041 364 1105 sedem
391 1042 615 1126 apostolicam
642 1041 835 1125 specialiter
862 1039 1054 1113 destinatis,
1079 1042 1195 1124 copias
1223 1062 1357 1124 proces·

248 1166 348 1210 suum
375 1151 410 1208 et
437 1146 688 1209 conlessionum
715 1145 749 1209 in
776 1144 901 1209 summi
929 1144 1101 1227 pontificis
1128 1145 1295 1228 praedicti
1322 1152 1357 1209 et

249 1248 481 1313 cardinalium
510 1249 661 1332 ipsorum
690 1254 725 1313 et
753 1248 971 1332 quorundam
1001 1249 1234 1332 praelatorum
1263 1250 1359 1335 regni

250 1353 358 1417 nostri
374 1360 409 1416 et
424 1353 667 1417 Universitatis
679 1352 786 1417 studii
800 1352 998 1416 Parisiensis
1012 1353 1181 1418 factorum
1195 1354 1359 1418 duximus

248 1456 566 1532 transmittendum,
584 1463 623 1521 ut
640 1476 700 1541 per
715 1476 892 1541 processus
909 1456 1045 1519 eosdem
1062 1477 1164 1541 super
1180 1457 1359 1540 praedicto

249 1561 386 1643 negotio
403 1581 465 1624 vos
482 1567 516 1624 et
535 1561 598 1644 ipsi
615 1560 753 1645 possitis
769 1560 903 1644 plenius
919 1560 1106 1635 informari,
1121 1568 1155 1624 et
1173 1560 1359 1645 aliqualem

249 1664 404 1740 forsitan,
426 1664 455 1729 si
478 1685 613 1729 necesse
641 1665 754 1740 fuerit,
780 1664 1041 1728 instructionem
1065 1665 1200 1728 habere.
1249 1665 1358 1729 Bene-

248 1767 436 1833 volentiam
474 1775 625 1833 vestram
663 1768 849 1833 affectuose
888 1776 1047 1852 rogantes
1079 1774 1113 1832 et
1149 1769 1183 1832 in
1216 1769 1359 1834 domino

248 1872 333 1956 Jesu
364 1873 499 1938 Christo
529 1874 707 1937 hortantes
736 1879 775 1936 ut
805 1893 868 1937 vos
897 1873 978 1936 estis
1008 1872 1041 1936 in
1071 1880 1206 1957 partem
1235 1873 1359 1938 sollici-

249 1977 378 2042 tudinis
393 1980 553 2060 [nostrae]
570 1983 711 2060 tamque
724 1977 921 2041 honorabile
933 1984 968 2040 et
982 1976 1150 2061 fulgidum
1162 1980 1358 2042 membrum

249 2082 408 2146 ecclesiae
435 2089 575 2146 sanctae
605 2081 678 2155 Dei,
703 2081 737 2145 in
766 2081 1003 2164 prosecutione
1027 2081 1111 2145 dicti
1138 2082 1266 2166 negotii
1294 2103 1357 2166 pro

248 2186 439 2250 stabilitate
452 2186 531 2250 fidei
545 2185 757 2250 Christianae
771 2185 820 2249 ita
834 2190 994 2268 potenter
1006 2192 1040 2248 et
1055 2185 1208 2249 hilariter
1220 2192 1357 2251 vestrae

248 2290 451 2374 prudentiae
476 2297 511 2354 et
535 2289 773 2355 sollicitudinis
798 2288 953 2353 studium
979 2290 1160 2373 exponatis
1185 2297 1220 2353 et
1245 2291 1357 2355 effica-

248 2394 332 2459 citer
350 2394 522 2469 laboretis,
535 2394 629 2478 quod
648 2394 692 2458 ad
705 2393 952 2476 omnipotentis
971 2393 1044 2467 Dei,
1063 2393 1162 2477 cujus
1179 2395 1358 2479 negotium

248 2498 386 2583 geritur,
410 2497 603 2581 procedatis
624 2498 669 2562 ad
691 2497 835 2582 gloriam
862 2505 897 2561 et
925 2498 1089 2561 honorem
1111 2499 1358 2583 praedictaque

250 2603 360 2684 [vitia]
389 2602 560 2687 pestifera,
588 2602 693 2666 immo
724 2602 832 2686 magis
863 2602 994 2676 insana,
1020 2623 1079 2686 per
1104 2610 1298 2667 vestrorum
1322 2611 1357 2667 et

248 2707 392 2771 aliomm
430 2705 618 2770 zelatorum
656 2706 804 2769 nominis
846 2705 1029 2770 Christiani
1069 2705 1267 2791 diligentem
1308 2709 1357 2772 in·

247 2811 416 2876 dustriam
438 2810 694 2895 extinguantur.
742 2809 874 2874 Datum
898 2810 932 2874 in
957 2809 1110 2874 Abbatia
1131 2811 1358 2895 Longipontis

171 2978 176 2985 .
248 2913 468 2980 Suessionum
488 2915 679 2979 dioeceseos
699 2913 752 2997 iijo
774 2914 861 2978 lesto
880 2914 1045 2980 Omnium
1064 2921 1273 2980 sanctorum.

762 3155 841 3221 Vll.

367 3335 444 3398 This
481 3336 506 3396 is
542 3355 561 3395 a
596 3332 795 3394 remarkable
832 3333 1026 3394 illustration
1061 3335 1096 3394 of
1131 3334 1240 3395 actual
1271 3335 1356 3412 joint

287 3431 393 3491 action
419 3431 453 3490 of
478 3430 532 3490 the
559 3436 622 3488 two
649 3428 825 3506 provinces.
867 3428 935 3488 The
961 3435 1024 3487 two
1050 3429 1279 3507 Archbishops‚
1306 3430 1356 3489 for

287 3526 487 3595 themselves,
526 3524 608 3584 their
643 3524 806 3601 suffragan
844 3523 989 3601 Bishops‚
1029 3524 1092 3583 and
1130 3525 1211 3584 their
1248 3525 1356 3603 clergy

286 3621 455 3698 generally,
479 3620 542 3679 had
565 3620 619 3678 the
640 3619 800 3696 following
822 3626 944 3696 protest
967 3619 1042 3678 read
1066 3619 1108 3698 by
1131 3621 1185 3679 the
1207 3619 1300 3680 Clerk
1322 3622 1356 3680 ol

288 3717 341 3775 the
358 3715 562 3785 Parliament‚
580 3715 612 3773 in
629 3734 648 3773 a
663 3714 776 3792 sitting
792 3715 825 3774 ol
842 3714 1037 3774 Parliament
1054 3714 1086 3773 in
1104 3716 1158 3774 the
1175 3715 1355 3791 Jerusalem

286 3811 442 3871 Chamber
459 3817 493 3870 at
511 3809 754 3880 Westminster;
779 3811 832 3870 the
850 3817 973 3888 protest
990 3830 1053 3869 was
1071 3810 1149 3889 duly
1166 3811 1305 3871 inserted
1323 3812 1355 3871 in

288 3909 341 3967 the
360 3906 447 3967 Rolls
465 3907 498 3966 of
516 3905 720 3966 Parliament.

368 4066 435 4126 The
457 4064 672 4142 Archbishops
694 4083 773 4123 were
796 4064 932 4124 William
955 4064 1147 4142 Courtenay,
1170 4066 1202 4123 ol
1224 4065 1355 4125 Canter-

288 4163 369 4240 bury
395 4166 423 4236 (1
428 4160 613 4237 381-1396)‚
639 4160 702 4218 and
727 4160 865 4219 Thomas
891 4160 1042 4230 Arundel,
1068 4161 1101 4219 of
1127 4161 1213 4219 York
1241 4162 1356 4235 (1380-

288 4262 389 4337 1397).
433 4255 587 4333 [Arundel
604 4275 668 4315 was
687 4256 872 4315 afterwards
888 4255 1088 4333 Archbishop
1106 4257 1139 4314 of
1154 4256 1357 4339 Canterbury

285 4355 517 4433 (1397-141rll
