2918 5010
470 390 674 457 Nonrnann
699 392 969 458 Convocxuou.
1217 411 1278 476 147

164 584 240 648 bilis
272 586 325 649 vir
356 586 519 670 Magister
551 585 727 668 Johannes
761 586 879 658 Selow,
913 586 1061 650 vicarius
1098 585 1274 670 generalis,

165 690 352 774 assignavit
391 691 454 753 sibi
493 690 762 778 diemmVencris
799 690 995 773 proximum
1033 695 1111 773 post
1150 691 1277 754 testum

163 795 272 858 sancti
297 794 388 858 Petri
411 795 455 858 ad
478 795 622 859 Vincula
646 795 800 877 proxime
823 795 979 859 futurum
1002 795 1076 858 loco
1098 793 1276 878 praedicto

162 919 276 963 coram
304 898 424 962 eodem
451 919 510 962 seu
538 899 612 962 aliis
639 899 880 963 commissariis
903 899 1049 982 praefati
1068 898 1277 962 reverendis-

161 1003 237 1067 simi
263 1003 380 1085 patris,
407 1003 451 1067 ad
479 1003 711 1066 exhibendum
743 1023 844 1067 suum
873 1023 992 1067 verum
1024 1023 1215 1067 sermonem
1241 1003 1275 1066 in

161 1107 296 1190 scriptis
344 1108 534 1181 redactum,
583 1127 703 1170 verum
753 1114 906 1171 tenorem
954 1107 1108 1190 ejusdem
1156 1107 1190 1171 in
1238 1127 1273 1170 se

161 1211 407 1281 continentem.
440 1232 480 1275 ac
509 1211 553 1274 ad
583 1211 778 1274 laciendum
808 1211 950 1275 ulterius
979 1217 1013 1275 et
1043 1210 1275 1294 recipiendum

160 1316 253 1399 quod
265 1315 349 1398 juris
362 1316 463 1378 luerit
477 1315 510 1378 in
523 1315 587 1379 hac
600 1322 707 1398 parte.
750 1315 826 1398 Quo
838 1315 892 1378 die
904 1316 1045 1379 Veneris
1057 1315 1273 1391 adveniente,

159 1420 233 1484 loco
259 1420 445 1503 praedicto,
473 1440 587 1483 coram
614 1420 771 1502 praefato
797 1421 983 1484 venerabili
1010 1420 1084 1484 viro
1111 1420 1275 1505 Magistro

159 1523 318 1606 Johanne
339 1524 456 1599 Selom
479 1524 606 1588 vicario
625 1525 784 1608 generali,
807 1524 985 1608 praefatus
1005 1531 1105 1608 pater
1123 1524 1274 1589 Thomas

68 1630 71 1636 “
159 1627 373 1693 Richemond
409 1629 601 1712 comparuit
639 1629 863 1711 personaliter
898 1650 938 1692 ac
973 1629 1047 1712 ejus
1082 1648 1273 1693 sermonem

158 1733 242 1796 alias
263 1753 323 1816 per
343 1754 421 1797 eum
443 1734 659 1816 propositum
682 1733 715 1796 in
736 1732 889 1817 quodam
911 1733 1032 1816 papiro
1052 1754 1114 1797 sua
1135 1733 1273 1817 propria

158 1857 263 1901 manu
283 1838 528 1920 conscriptum,
550 1844 589 1901 ut
610 1837 766 1911 asseruit,
789 1837 947 1901 exhibuit
968 1844 1051 1901 tunc
1072 1835 1210 1911 ibidem,
1232 1856 1272 1900 ac

158 1961 219 2024 pro
250 1941 373 2024 majori
404 1941 634 2005 declaratione
666 1941 824 2005 veritatis
856 1941 1011 2024 ejusdem
1042 1940 1133 2004 idem
1165 1939 1272 2004 frater

157 2045 307 2110 Thomas
336 2044 381 2109 ad
411 2045 615 2110 mandatnm
646 2045 793 2128 praelati
823 2045 943 2109 vicarii
971 2044 1138 2129 generalis
1168 2043 1271 2108 tactis

157 2149 389 2214 Sacrosanctis
410 2149 605 2234 Evangeliis
624 2149 799 2233 corporale
820 2149 994 2232 praestitit
1020 2149 1268 2232 juramentum,

155 2254 249 2338 quod
273 2254 338 2318 fuit
362 2254 453 2318 idem
476 2274 587 2318 sermo
610 2254 644 2317 in
667 2254 838 2327 omnibus,
863 2252 1052 2318 secundum
1075 2253 1127 2318 sui
1150 2272 1269 2317 sensus

155 2358 378 2432 intellectum,
417 2378 520 2441 quem
558 2359 641 2421 alias
678 2358 713 2421 in
750 2357 804 2421 die
841 2357 873 2422 S.
914 2357 1035 2422 Annae
1069 2358 1104 2421 in
1138 2356 1269 2440 capella

155 2463 334 2546 proposuit
368 2468 581 2536 memorata;
607 2461 784 2545 praelatus
817 2461 876 2545 qui
910 2444 1058 2526 vicarius
1090 2460 1267 2547 generalis,

156 2568 276 2631 habita
301 2566 546 2630 deliberatione
571 2566 766 2649 aliqualiter
789 2586 892 2648 super
915 2565 1046 2641 eodem,
1072 2566 1269 2650 praelatum

156 2671 299 2735 fratram
337 2671 506 2735 Thomam
543 2670 689 2743 monuit,
728 2676 767 2734 ut
805 2671 849 2732 ab
887 2670 1083 2753 hujusmodi
1123 2669 1267 2754 publicis

156 2775 469 2857 praedicationibus
493 2775 692 2849 abstineret,
718 2795 898 2858 quousque
922 2775 1016 2839 dicta
1040 2775 1184 2840 materia
1208 2795 1269 2858 per

156 2880 350 2962 praelatum
383 2878 702 2943 reverendissimum
735 2886 870 2962 patrem
902 2900 962 2943 seu
994 2879 1068 2962 ejus
1099 2880 1266 2944 vicarium

155 2984 356 3067 generalem,
380 2983 452 3046 sive
476 2982 737 3056 commissarios,
761 2983 910 3066 plenarie
934 2983 1035 3047 luerit
1058 2984 1210 3049 discussa
1232 2992 1267 3049 et

156 3089 408 3162 determinata;
447 3108 579 3152 necnon
602 3087 712 3151 eidem
736 3087 834 3151 tratri
858 3087 1010 3151 Thomae
1033 3087 1123 3153 diem
1148 3089 1267 3153 Martis

155 3193 350 3276 proximum
376 3198 457 3256 ante
483 3191 609 3255 testum
635 3191 881 3274 assumptionis
908 3191 945 3255 B.
973 3192 1013 3256 V.
1041 3193 1084 3257 M.
1112 3193 1266 3276 proxime

155 3298 322 3372 futurum,
369 3297 443 3360 loco
490 3295 677 3379 praedicto,
727 3295 770 3359 ad
818 3294 1030 3360 audiendum
1077 3295 1266 3361 videndum

156 3401 386 3486 recipiendum
413 3408 446 3464 et
473 3400 667 3464 iaciendum
693 3420 796 3483 super
820 3399 982 3464 exhibitis
1007 3408 1040 3463 et
1066 3400 1268 3465 exhibendis

156 3507 189 3570 in
218 3506 282 3570 hac
310 3513 407 3590 parte
435 3505 528 3589 quod
556 3505 641 3588 juris
669 3504 770 3568 tuerit
799 3510 833 3567 et
862 3504 1014 3578 rationis,
1044 3504 1202 3587 praefixit
1230 3512 1265 3569 et

156 3611 366 3694 assignavit:
392 3610 630 3693 praesentibus
654 3608 908 3672 venerabilibus
939 3615 973 3672 et
1001 3608 1155 3672 discretis
1184 3609 1266 3674 viris

157 3714 327 3798 Magistris
342 3714 491 3778 Ricardo
505 3713 633 3787 Amall,
649 3713 762 3777 curiae
778 3713 930 3777 Ebonim
945 3712 1090 3788 officiali,
1107 3713 1267 3796 Johanne

156 3818 327 3891 Carleton,
348 3818 494 3902 praelati
514 3817 786 3881 reverendissimi
806 3817 914 3902 patris
932 3818 1091 3881 scaccarii
1112 3818 1266 3883 Eborum

156 3928 339 4004 receptore,
407 3921 566 3984 ecclcsiae
630 3919 837 3984 cathedralis
902 3922 1004 3984 Ebor.
1075 3922 1265 3999 Canonicis,

157 4025 341 4090 Edmundo
371 4025 550 4097 Kirketon
579 4025 612 4087 in
641 4024 832 4108 theologiae
858 4029 892 4087 et
921 4025 1080 4107 Johanne
1107 4026 1266 4093 Carleton

155 4132 266 4214 legum
282 4129 491 4202 doctoribus,
510 4128 642 4212 Rogero
658 4128 865 4212 Esyngwald
881 4128 914 4192 in
929 4128 1060 4214 legibus
1074 4131 1264 4207 bacalare0,

155 4234 287 4298 Thoma
304 4234 396 4306 Carr,
414 4233 488 4296 cive
505 4239 539 4295 et
565 4239 753 4296 mercatore
777 4233 929 4297 civitatis
947 4233 1049 4297 Ebor.
1072 4235 1268 4317 praedictae

155 4359 194 4402 ac
211 4359 265 4402 me
282 4338 441 4420 Johanne
460 4336 584 4400 Belvas
600 4336 731 4410 clerico
750 4336 885 4400 notario
901 4337 1049 4421 publico
1067 4344 1102 4401 et
1119 4340 1266 4424 praelati

156 4443 271 4508 vicarii
292 4441 457 4528 generalis
476 4441 598 4507 scriba.
