2918 5010
459 389 663 453 Nonrannu
696 388 966 454 Convocarrou.
1223 408 1259 453 11

152 581 441 667 procuratoribus,
479 601 519 645 ac
556 581 621 645 toti
663 581 904 645 communitati
944 580 1024 645 cleri
1067 581 1262 665 provinciae

153 688 317 770 ejusdem,
338 686 514 760 militibus
532 685 645 749 liberis
664 685 871 759 bominibus,
889 686 1207 760 communitatibus,
1228 691 1262 748 et

153 791 312 855 omnibus
329 791 403 854 aliis
420 790 462 853 de
480 790 619 871 singulis
636 790 859 854 comitatibus
877 790 967 854 ultra
989 790 1152 855 Trentam
1170 790 1264 873 apud

155 897 255 960 Ebor,
297 895 331 959 in
376 894 586 958 instantibus
624 894 757 958 octavis
799 894 831 958 S.
871 894 993 959 Hilarii
1031 894 1261 968 conventuris

153 1001 309 1064 salutem.
378 999 463 1062 Cum
500 1019 562 1063 nos
599 998 774 1062 occasione
811 999 1000 1082 praesentis
1035 999 1263 1082 expeditionis

154 1113 289 1169 nostrae
318 1103 460 1167 Walliae
485 1103 528 1167 ad
555 1103 723 1167 malitiam
747 1109 781 1165 et
802 1103 1019 1167 rebellionem
1039 1103 1262 1167 Wallensium

154 1209 367 1273 inimicorum
402 1215 598 1271 nostrorum
634 1208 897 1291 reprimendam,
924 1215 959 1270 et
988 1207 1032 1271 ad
1059 1213 1262 1291 perpetuam

153 1334 272 1398 pacem
312 1313 406 1396 regni
445 1312 552 1375 nostri
592 1312 795 1383 iaciendam,
830 1311 872 1375 ad
908 1332 1014 1396 quam
1052 1318 1127 1376 toto
1162 1312 1262 1376 corde

154 1418 373 1492 intendimus,
391 1416 544 1481 subsidio
560 1415 712 1479 fidelium
728 1422 924 1480 nostrorum
941 1417 1034 1500 regui
1052 1417 1159 1480 nostri
1176 1436 1263 1500 opus

153 1523 341 1587 habeamus
365 1522 409 1586 ad
437 1541 618 1604 praesens:
651 1541 712 1585 nos
734 1519 776 1583 de
799 1521 1037 1585 benevolentia
1060 1520 1263 1584 venerabilis

153 1626 261 1710 patris
285 1626 336 1689 W.
373 1627 473 1688 Ebot.
503 1624 758 1708 archiepiscopi,
787 1624 929 1709 Angliae
957 1624 1125 1707 primatis,
1155 1632 1189 1689 et
1220 1623 1263 1688 de

153 1730 455 1812 circumspectione
476 1729 589 1792 dilecti
610 1729 720 1792 clerici
740 1739 774 1792 et
796 1728 973 1793 Secretarii
995 1729 1100 1792 nostri
1122 1727 1263 1793 Antonii

156 1834 257 1907 Reke,
308 1833 536 1897 archidiaconi
592 1833 840 1907 Dunelmensis,
896 1832 1055 1897 liduciam
1109 1839 1264 1918 gerentes

153 1938 346 2023 specialem,
397 1937 524 2001 eisdem
574 1937 828 2019 archiepiscopo
877 1944 911 1999 et
950 1937 1102 2001 Antonio
1148 1944 1264 2002 tenore

154 2042 386 2127 praesentium
433 2042 570 2125 plenam
616 2040 739 2104 damus
786 2047 996 2124 potestatem
1042 2041 1183 2125 petendi
1229 2048 1263 2106 et

153 2145 358 2230 procurandi
384 2146 521 2209 nomine
552 2151 679 2220 nostro,
714 2145 816 2227 juxta
850 2145 996 2210 formam
1027 2166 1088 2229 per
1120 2166 1182 2209 nos
1214 2146 1262 2210 eis

153 2250 232 2315 inde
257 2250 422 2314 traditam
442 2257 476 2313 ct
496 2249 699 2332 injunctam,
721 2249 913 2313 subsidium
935 2249 980 2314 ad
1003 2271 1089 2333 opus
1107 2256 1263 2315 nostrum

151 2377 177 2447 a
184 2355 341 2419 fidelibus
353 2354 478 2418 nostris
491 2354 701 2437 singulorum
713 2354 975 2437 episcopatuum
986 2361 1020 2418 et
1033 2354 1263 2420 comitatuum

152 2458 246 2543 regni
270 2459 377 2522 nostri
409 2460 499 2522 ultra
526 2459 701 2522 Trentam.
750 2458 796 2521 Et
821 2457 897 2522 ideo
920 2459 1019 2522 vobis
1047 2458 1262 2535 mandamus,

151 2569 312 2648 rogantes
343 2564 437 2647 quod
465 2562 592 2626 eisdem
617 2562 872 2647 archiepiscopo
896 2569 930 2626 et
955 2563 1107 2628 Antonio
1136 2563 1171 2628 in
1200 2564 1265 2628 hac

151 2675 251 2753 parte
273 2667 406 2732 firmam
430 2667 531 2731 tidem
555 2667 768 2742 adhibentes
792 2688 829 2730 ea
854 2667 943 2751 quae
966 2669 1055 2732 eirca
1077 2668 1263 2751 praemissa

151 2772 251 2837 vobis
274 2772 399 2845 dicent,
426 2771 535 2835 modis
562 2771 722 2835 omnibus
746 2771 923 2854 expleatis
950 2777 1053 2855 prout
1078 2771 1141 2855 ipsi
1165 2771 1264 2835 vobis

149 2877 236 2942 scire
255 2876 380 2940 facient
398 2897 439 2939 ex
464 2881 562 2959 parte
584 2882 712 2939 nostra.
762 2876 802 2940 ln
824 2875 933 2958 cujus,
957 2877 1016 2940 &c
1066 2875 1166 2940 Teste
1188 2896 1265 2962 rege

151 2981 247 3066 apud
269 2980 441 3044 Rothelan
463 2980 488 3042 i⁰
508 2980 561 3043 die
581 2979 747 3063 Januarii.

681 3187 745 3251 ΙΙΙ.

275 3353 317 3414 iii.
362 3353 389 3411 Α
416 3353 510 3411 letter
533 3351 703 3411 addressed
724 3350 767 3428 by
786 3349 986 3426 Archhishop
1004 3349 1078 3428 Joh.
1101 3350 1264 3412 Romanus

195 3449 403 3526 (1286-1298)
435 3456 468 3507 to
498 3448 604 3525 Ralph
635 3447 752 3511 lreton,
784 3445 904 3522 Bishop
931 3445 965 3503 oi
993 3444 1121 3505 Carlisle
1151 3447 1264 3520 (1280-

195 3552 298 3619 1202),
336 3545 414 3604 cites
450 3565 468 3603 a
506 3543 594 3622 royal
632 3543 699 3602 writ
740 3542 773 3600 oi
810 3541 947 3600 Edward
985 3541 1009 3611 l,
1046 3540 1143 3600 dated
1183 3541 1263 3601 lrom

192 3641 408 3701 Samesurium
432 3640 603 3717 (probably
629 3639 762 3708 Samnis,
790 3656 865 3696 near
889 3637 1045 3707 Orleans).
1090 3637 1156 3697 The
1179 3637 1264 3717 King

193 3736 277 3795 finds
296 3736 365 3796 that
387 3736 440 3795 the
459 3736 618 3795 Southern
638 3734 791 3793 Province
810 3733 873 3793 had
893 3732 1012 3811 proved
1030 3733 1117 3794 itself
1143 3733 1262 3797 liberal.

192 3831 259 3891 and
285 3833 415 3892 exhorts
444 3831 498 3890 the
527 3831 686 3890 Northern
713 3838 746 3889 to
770 3831 807 3889 be
828 3831 882 3890 the
896 3849 993 3890 same.
1038 3829 1113 3890 This.
1142 3831 1211 3890 writ
1239 3831 1263 3889 is

191 3927 293 3987 dated
317 3928 373 3988 8th
399 3929 535 4005 August,
563 3928 593 3985 in
621 3927 674 3985 the
702 3927 776 4003 14th
803 3945 878 4004 year
903 3927 936 3985 oi
961 3925 1008 3984 his
1034 3926 1120 4004 reign
1147 3927 1262 4002 (1286).
1338 3988 1342 3995 ,

192 4021 282 4101 King
301 4023 438 4083 Edward
459 4031 543 4082 went
564 4030 597 4082 to
617 4024 766 4101 tiascony
786 4023 817 4082 in
839 4023 910 4082 that
932 4041 1007 4100 year
1028 4029 1061 4081 to
1081 4023 1263 4082 endeavour

193 4127 230 4179 to
255 4119 348 4178 make
375 4139 470 4197 peace
497 4120 639 4178 between
665 4119 839 4196 Alphons0,
868 4118 952 4196 King
978 4119 1011 4177 ol
1036 4119 1173 4196 Magon,
1200 4118 1263 4178 and

191 4214 300 4293 Philip
321 4215 349 4274 le
371 4216 448 4286 Bel;
473 4216 537 4274 and
560 4216 591 4274 in
615 4214 677 4274 this
700 4215 738 4274 he
760 4214 933 4275 sueceedcd
950 4214 994 4294 by
1016 4214 1070 4273 the
1091 4213 1210 4293 Treaty
1230 4213 1265 4273 ol

190 4308 313 4373 Oleron
332 4311 362 4370 in
383 4313 471 4371 1288.
