2918 5010
174 358 239 442 318
558 360 731 427 Recouns
753 374 799 424 or
820 374 894 424 mre

177 554 274 619 Pauli
289 554 454 629 London.,
469 554 662 638 Johannem
680 550 808 627 Earles,
822 548 939 617 S.T.P.
954 550 1125 619 ecclesiae
1141 555 1295 641 collegia·

177 666 233 723 tae
268 660 299 723 S.
337 659 428 723 Petri
461 655 833 724 westmonasteriensis
867 654 1064 733 Decannm,
1104 658 1293 725 Henricum

176 763 293 837 Ferne,
329 764 444 829 S.T.P.
481 764 656 829 Decanum
690 761 848 827 ecclesiae
881 760 1097 827 cathedralis
1135 764 1291 835 Eliensis.

176 868 361 932 Hernicum
407 867 612 951 Bridgeman
654 866 831 930 Decanum
871 864 1038 930 ecclesiae
1080 869 1294 935 cathedralis

176 972 371 1043 (estrensis,
422 972 612 1037 Robertum
660 970 778 1045 Hitch,
826 968 942 1035 S.T.P.
992 970 1292 1040 Archidiaconum

177 1074 451 1147 Leicestrcnsem,
486 1075 700 1140 llatthaeum
733 1072 936 1149 Smalwood,
970 1072 1092 1140 S.T.P.
1129 1097 1292 1161 procura-

176 1190 285 1243 torem
312 1181 391 1244 cleri
419 1180 716 1245 archidiaconatus
742 1176 927 1241 cestrensis
954 1182 989 1240 et
1019 1176 1291 1255 Richmondiae‚

175 1285 348 1348 andream
371 1285 557 1350 Sandiland
579 1283 749 1357 clericum,
773 1280 954 1346 Rectorem
976 1281 1019 1345 de
1043 1282 1291 1372 Skeringham

175 1388 259 1451 alias
278 1389 534 1472 Scrayinglram
555 1395 589 1452 et
608 1392 864 1471 procuratorem
881 1383 960 1449 cleri
980 1386 1292 1455 archidiaconatus

175 1493 216 1556 de
245 1493 454 1575 Eustryding
479 1493 665 1556 comitatus
692 1488 927 1563 Eboraceusis,
955 1495 991 1552 et
1021 1490 1290 1577 Humphridum

176 1596 285 1679 Llovd
315 1597 473 1661 clericum
504 1603 760 1680 procuratorem
789 1592 933 1677 capituli
958 1594 1125 1661 ecclesiae
1159 1599 1290 1665 Ebora-

174 1701 282 1764 ccnsis
313 1709 347 1764 et
380 1701 664 1785 praebendarium
692 1697 905 1783 praebendae
932 1697 975 1761 de
1002 1698 1225 1784 Ampleford,
1256 1706 1289 1769 in

173 1804 293 1868 eadem
318 1804 454 1868 ecclesia
479 1805 655 1879 fundatae,
672 1802 883 1887 conjunctim
899 1809 934 1866 et
950 1821 1071 1870 eorum
1091 1808 1287 1891 quemlibet

174 1907 309 1972 divisim
353 1916 386 1973 et
427 1910 460 1973 in
501 1909 658 1982 solidum,
689 1909 733 1972 ad
763 1907 899 1993 negotia
930 1907 1154 1993 infrascripta
1184 1924 1220 1978 et
1249 1934 1288 1979 ea

175 2014 425 2083 concernentia,
450 2014 609 2077 omnibus
632 2020 666 2076 et
690 2012 830 2097 singulis
853 2011 1049 2077 melioribus
1073 2015 1145 2089 via,
1172 2020 1288 2093 modo,

175 2125 208 2180 ct
244 2117 328 2200 juris
363 2118 483 2187 forma,
518 2117 643 2201 quibus
677 2116 719 2180 de
752 2116 826 2200 jure
860 2116 979 2180 melius
1013 2125 1077 2181 aut
1113 2120 1290 2187 efficacius

175 2223 374 2304 poterimus,
394 2230 528 2286 nostros
546 2241 654 2295 veros,
673 2227 793 2293 certos
811 2219 990 2305 legitimos
1010 2228 1045 2285 et
1066 2221 1289 2291 indubitatos

176 2334 422 2409 procuratores,
460 2335 601 2400 actores,
640 2326 796 2399 lectores,
833 2324 1047 2408 negotiorum
1086 2335 1288 2395 nostrorum

174 2438 334 2513 gestores,
367 2438 399 2495 et
435 2432 576 2496 nuncios
606 2430 778 2514 speciales,
809 2427 1037 2507 nominamus,
1070 2430 1286 2507 ordinamus,

176 2534 330 2609 iacimus,
366 2536 619 2605 constituimus,
655 2541 689 2598 et
724 2533 932 2616 deputamus
965 2552 1026 2617 per
1060 2545 1285 2618 praesentes:

174 2638 364 2723 damusque
389 2650 421 2703 et
447 2640 664 2704 concedimus
688 2639 814 2702 eisdem
839 2638 1120 2722 procuratoribus
1144 2644 1284 2717 nostris,

174 2752 207 2805 et.
238 2764 354 2807 eorum
384 2746 534 2817 cuilibet,
559 2751 767 2828 potestatem
793 2742 983 2827 generalem
1008 2750 1042 2807 et
1072 2747 1285 2811 mandatum

174 2849 318 2931 speciale
335 2851 518 2932 pronubis,
536 2871 574 2913 ac
590 2850 662 2913 vice
679 2848 751 2911 loeo
766 2854 800 2909 et
816 2847 952 2910 nomine
967 2848 1104 2923 nostris,
1121 2852 1285 2915 omnibus

175 2961 207 3014 et
230 2953 379 3037 singulis,
402 2975 490 3038 quae
511 2955 545 3017 iu
566 2974 660 3016 sacra
683 2951 820 3034 Synoclo
841 2952 912 3014 sive
932 2954 1183 3018 convocatione
1204 2955 1284 3020 cleri

175 3059 369 3140 provinciae
410 3058 650 3123 l'airtuarensis
690 3057 761 3139 jam
802 3055 894 3138 apud
935 3055 1283 3125 Westmonasterium

176 3168 272 3226 teuta
294 3171 328 3227 et
349 3166 530 3238 celebrata,
553 3185 593 3226 ex
615 3161 755 3227 consilio
775 3167 807 3223 et
830 3160 1073 3225 deliberatione
1093 3168 1282 3237 communi,

175 3269 208 3331 in
238 3270 373 3349 negotio
405 3269 579 3332 revisionis
609 3267 684 3330 libri
717 3266 931 3349 publicarum
965 3266 1118 3342 Precum,
1148 3290 1282 3335 necnon

175 3371 304 3435 formae
328 3372 546 3435 consecrandi
572 3381 605 3434 et
631 3371 811 3435 ordinandi
836 3371 1024 3454 episcopos,
1050 3374 1281 3457 presbyteros,

174 3485 207 3538 et
237 3476 409 3549 diaconos,
440 3476 568 3539 virtute
597 3476 772 3539 literarum
802 3495 860 3539 seu
890 3476 1046 3539 mandati
1075 3478 1282 3544 serenissimi

174 3580 301 3642 domini
324 3579 429 3642 nostri
455 3580 555 3661 Regis
576 3580 609 3643 in
632 3601 670 3643 ea
693 3588 790 3664 parte
812 3580 932 3644 directi
954 3581 997 3644 ad
1021 3581 1082 3644 Dei
1104 3581 1280 3653 honorem.

173 3683 330 3746 ecclesiae
365 3690 397 3746 et
434 3684 525 3767 regni
561 3684 758 3757 utilitatem,
787 3685 971 3749 salubriter
1004 3694 1037 3749 et
1066 3689 1283 3753 concorditer

174 3787 332 3861 ordinari,
357 3788 474 3859 statui,
499 3787 552 3850 vel
576 3789 710 3852 decerni
733 3788 949 3872 contigerint,
973 3791 1222 3868 consentiendi,
1246 3802 1280 3857 et

173 3912 374 3955 consensum
387 3897 420 3954 et
435 3912 608 3954 assensum
624 3893 810 3976 respective
823 3913 902 3956 suos
915 3895 1020 3959 dandi
1033 3902 1067 3957 et
1081 3896 1279 3977 praebendi,

173 3998 313 4080 aliisque
337 4017 377 4059 ex
402 3996 545 4059 adverso
571 3997 608 4077 (si
633 4003 665 4059 et
689 4003 861 4080 quatenus
884 3999 1058 4062 videbitur
1080 3999 1278 4083 expediens)

173 4100 393 4164 dissentiendi
424 4108 457 4163 et
488 4100 766 4175 contradicendi;
805 4110 838 4164 et
868 4102 1070 4186 generaliter
1099 4104 1216 4169 omnia
1247 4113 1279 4171 et

171 4204 302 4287 singula
340 4203 405 4267 alia
446 4202 600 4276 laciendi,
639 4205 827 4279 exercendi,
866 4215 898 4270 et
937 4206 1150 4289 expediendi,
1190 4232 1282 4294 quae

172 4309 205 4371 in
223 4308 417 4392 praemissis
433 4314 491 4372 aut
509 4308 595 4371 circa
613 4328 650 4370 ea
668 4310 855 4372 necessaria
873 4310 998 4374 fuerint
1014 4329 1072 4371 seu
1088 4316 1282 4392 ‹promodu-

170 4413 252 4476 libet
272 4420 477 4495 opportuna,
501 4411 633 4474 etiarnsi
657 4414 861 4477 nrandutuur
883 4414 925 4476 de
947 4435 982 4477 se
1003 4411 1141 4491 exigant
1169 4422 1281 4503 magis
