2918 5010
217 375 259 440 50
604 359 777 426 Rscouns
808 377 853 425 or
879 376 951 425 rna

216 553 479 637 prorogandum,
496 561 534 617 ut
549 554 643 617 dicto
658 553 712 617 die
731 554 765 617 in
781 552 922 616 ecclesia
936 551 1156 616 conventuali
1170 550 1213 616 de
1228 549 1328 614 Blida

216 657 317 740 juxta
336 658 481 722 lormam
500 658 623 740 prioris
648 658 824 721 citationis
848 657 892 720 ad
913 656 1125 741 praedictum
1145 654 1328 720 concilium

216 762 477 827 convocandum
501 763 654 835 habitae,
681 783 799 826 omnes
823 768 857 825 et
882 761 1004 846 singuli
1029 760 1196 845 praedicti
1220 759 1329 824 nostri

217 866 346 930 subditi
367 874 603 949 comparerent
624 867 775 951 legitime
796 886 911 930 coram
936 865 1044 940 nobis,
1066 864 1134 947 [ad]
1154 863 1330 948 praelatos

221 971 311 1035 diem
336 977 370 1035 et
394 971 505 1035 locum
528 972 571 1035 ad
595 991 739 1055 eaquae
756 971 789 1034 in
807 970 926 1034 eodem
943 969 1085 1034 concilio
1102 968 1280 1053 proposita
1296 975 1329 1032 et

218 1076 379 1139 inchoata
402 1075 548 1148 fuerant,
572 1083 673 1159 prout
696 1075 765 1159 juri
788 1094 975 1138 consonum
1000 1073 1112 1149 luerit,
1136 1072 1332 1158 peragenda

218 1179 344 1243 eisdem
367 1180 529 1244 canonice
552 1179 806 1265 praefigentes;
832 1179 933 1243 certis
956 1184 1071 1242 tamen
1095 1178 1138 1241 de
1161 1177 1274 1242 causis
1296 1183 1331 1240 et

217 1283 377 1367 legitimis
408 1283 620 1367 praedictam
658 1291 814 1347 nostram
851 1282 1106 1366 praefixionem,
1137 1281 1232 1366 quod
1267 1280 1332 1345 loci

219 1386 385 1470 praedicti
410 1387 452 1450 de
479 1387 579 1451 Blida
605 1388 873 1472 assignationem
900 1386 1144 1450 tantummodo
1169 1385 1333 1449 duximus

220 1491 484 1555 immutandum.
533 1491 712 1575 Quocirca
729 1491 983 1555 fraternitatem
999 1496 1150 1553 vestram
1164 1509 1267 1573 super
1280 1489 1333 1553 his

219 1595 493 1678 praemunientes
529 1602 646 1659 tenore
681 1596 914 1678 praesentium
949 1594 1177 1678 peremptorie
1211 1593 1333 1657 nihilo-

219 1699 331 1764 minus
351 1720 412 1763 vos
433 1700 590 1775 citamus,
607 1707 640 1763 et
663 1720 723 1783 per
743 1720 806 1763 vos
826 1699 1003 1763 universos
1022 1699 1186 1773 Abbates,
1204 1698 1333 1781 priores

218 1805 362 1868 abbates
387 1805 541 1887 proprios
566 1825 635 1868 non
661 1805 842 1876 habentes,
866 1808 899 1865 et
922 1810 995 1867 tam
1016 1802 1176 1866 ecclesiae
1197 1807 1333 1865 vestrae

220 1929 325 1993 quam
353 1909 497 1973 aliarum
523 1908 780 1994 collegiatarum
806 1913 940 1970 vestrae
966 1906 1157 1971 dioeceseos
1185 1905 1334 1970 decanos

220 2013 475 2078 archidiaconos
488 2034 527 2077 ac
540 2013 765 2096 praepositos,
780 2032 913 2075 necnon
927 2012 1089 2094 capitula,
1105 2010 1333 2094 peremptorie

220 2119 318 2181 citari
356 2118 515 2182 volumus
557 2127 590 2181 et
621 2117 852 2189 mandamus;
892 2115 986 2198 quod
1024 2122 1096 2178 tam
1130 2135 1192 2178 vos
1225 2134 1332 2199 quam

222 2221 385 2305 praedicti
404 2224 548 2285 abbates
564 2222 691 2304 priores
711 2221 829 2284 decani
847 2219 1075 2283 archidiaconi
1093 2225 1127 2282 et
1146 2218 1332 2302 praepositi

222 2326 453 2408 personaliter,
482 2325 633 2407 capitula
662 2345 743 2387 vero
773 2344 832 2407 per
859 2332 1097 2407 procuratores
1126 2321 1334 2386 sufficienter

221 2430 417 2502 instructos,
435 2430 468 2492 in
490 2428 665 2512 praedicta
686 2429 826 2492 ecclesia
850 2435 969 2491 nostra
994 2427 1199 2491 Eboracensi
1221 2427 1333 2511 primo

222 2533 276 2596 die
292 2533 416 2596 mensis
431 2532 513 2614 Julii
534 2540 736 2603 memorato,
753 2553 831 2596 cum
848 2532 1108 2596 continuatione
1123 2538 1157 2594 et
1172 2551 1333 2616 proroga-

222 2638 315 2700 tione
334 2637 464 2701 dierum
486 2636 779 2719 subsequentium,
798 2656 912 2701 coram
930 2636 1028 2700 nobis
1052 2635 1280 2718 compareatis
1297 2643 1332 2699 et

222 2749 454 2823 compareant,
484 2748 555 2803 tam
583 2761 684 2823 super
715 2740 852 2823 negotio
881 2740 1110 2823 inquisitionis
1142 2739 1333 2803 haereticae

223 2845 405 2928 pravitatis
420 2852 539 2908 contra
554 2843 740 2926 singulares
758 2864 918 2926 personas
935 2844 1217 2926 Templariorum,
1233 2843 1333 2907 nobis

223 2971 243 3013 a
258 2950 336 3012 sede
351 2949 538 3032 apostolica
553 2949 744 3022 commisso,
759 2949 859 3031 juxta
875 2954 950 3010 acta
966 2948 1178 3011 retrohabita
1191 2948 1224 3010 in
1237 2947 1333 3011 dicto

224 3054 371 3137 negotia,
390 3075 494 3136 quam
520 3054 593 3117 aliis
618 3054 710 3136 prius
735 3053 917 3136 propositis
938 3060 971 3115 et
996 3054 1131 3115 noviter
1154 3052 1186 3115 in
1210 3051 1331 3115 eodem

223 3158 365 3222 concilio
398 3158 627 3240 proponendis
661 3157 854 3230 tractaturi,
886 3156 1021 3219 salubre
1056 3156 1234 3219 consilium
1267 3155 1330 3219 im-

226 3262 372 3344 pensuri,
390 3282 520 3325 necnon
537 3283 586 3335 ea,
604 3283 691 3346 (luae
707 3269 841 3325 statuta
858 3260 1015 3323 ordinata
1032 3268 1065 3323 et
1082 3261 1175 3324 lacta
1191 3259 1329 3334 luerint,

227 3366 400 3430 humiliter
415 3367 593 3429 admissuri
612 3387 617 3435 ;
643 3387 682 3429 ac
699 3366 802 3429 etiam
820 3365 1001 3428 efficaciter
1018 3364 1189 3446 impleturi
1205 3363 1330 3427 laeturi

226 3477 260 3533 et
287 3470 465 3552 recepturi,
492 3470 584 3553 qnod
611 3489 797 3533 consonum
825 3469 926 3532 luerit
952 3469 1123 3531 canonicis
1149 3468 1327 3532 institutis.

226 3575 294 3636 Vos
312 3574 417 3636 etiam
436 3574 692 3656 praemunimus
710 3580 744 3635 et
764 3580 915 3635 caeteros
933 3592 993 3654 per
1011 3592 1071 3634 vos
1089 3571 1245 3635 citandos
1263 3579 1327 3636 etc.

225 3677 355 3741 Datum
370 3678 462 3760 apud
476 3677 610 3759 Thorpe
627 3677 726 3758 juxta
745 3677 859 3748 libor,
876 3690 911 3739 2⁰
928 3675 1004 3739 Kal.
1022 3676 1126 3757 Junii,
1146 3693 1224 3739 ,1,(1.
1246 3693 1328 3755 1311

223 3789 257 3845 et
278 3781 499 3864 pontificatus
518 3781 624 3843 nostri
644 3781 688 3844 vi.
