2918 5010
461 370 665 451 Nonrnanu
691 371 959 441 Convocnnou.
1204 388 1263 458 151

155 565 348 649 comparuit
367 567 544 649 praefatus
564 566 669 630 frater
687 567 837 632 Thomas
857 568 1081 644 Richemond,
1101 569 1160 654 qui
1180 568 1264 634 alias

155 690 269 734 coram
304 670 491 733 venerabili
525 671 599 734 viro
633 673 797 755 magistro
830 673 862 755 J.
899 673 1017 749 Selom
1052 674 1086 738 in
1121 673 1265 738 decretis

155 775 342 848 licentiam,
383 776 547 838 canonico
588 776 822 840 residentiario
861 777 1019 841 ecclesiae
1058 778 1264 843 cathedralis

156 880 257 944 Ebor.
308 880 454 963 praefati
505 881 773 945 reverendissimi
823 882 932 964 patris
979 883 1108 947 domini
1159 883 1261 947 Ebot.

155 985 397 1069 archiepiscopi
439 985 566 1049 vicario
607 985 642 1049 in
683 986 919 1069 spiritualibus
963 987 1121 1070 generali,
1163 1008 1266 1071 super

155 1088 282 1152 eisdem
305 1090 457 1152 articulis
480 1089 688 1172 judicialiter
710 1091 898 1173 impetitus
923 1091 1044 1155 habuit
1069 1092 1152 1155 istos
1174 1091 1265 1156 diem

155 1198 189 1256 et
206 1193 317 1257 locum
334 1194 379 1257 ad
394 1194 663 1278 comparendum
680 1215 794 1258 coram
810 1195 967 1277 praefato
984 1195 1265 1260 reverendissimo

156 1305 253 1380 patre.
282 1319 341 1362 seu
371 1298 445 1381 ejus
475 1298 708 1363 commissario
738 1298 782 1361 ad
811 1297 1033 1373 audiendum,
1064 1298 1264 1374 videndum,

157 1402 398 1485 recipiendum,
423 1410 456 1465 et
483 1402 676 1467 faciendum
699 1422 800 1487 super
822 1401 984 1467 exhibitis
1006 1410 1041 1467 et
1064 1403 1265 1468 exhibendis

157 1507 190 1570 in
211 1507 275 1571 hac
297 1514 405 1590 parte,
428 1507 521 1590 quod
541 1507 626 1589 juris
647 1506 749 1571 fuerit
770 1514 804 1570 et
826 1507 978 1583 rationis,
1000 1518 1103 1592 prout
1125 1509 1159 1574 in
1180 1508 1267 1573 actis

156 1612 309 1695 ejusdem
335 1611 453 1674 vicarii
477 1611 642 1695 generalis
667 1612 812 1695 desuper
836 1613 1000 1677 confectis
1024 1614 1132 1699 liquet
1157 1615 1266 1700 magis

155 1716 253 1780 clare.
303 1715 415 1778 Lectis
452 1716 566 1799 igitur,
605 1723 638 1779 et
676 1716 811 1799 publice
848 1716 942 1780 dicto
978 1718 1076 1782 fratri
1113 1719 1265 1784 Thomae

158 1820 308 1884 recitatis
340 1819 538 1904 singillatim
571 1819 723 1883 articulis
754 1821 1004 1905 suprascriptis
1039 1822 1128 1886 idem
1161 1823 1267 1888 frater

156 1925 305 1989 Thomas
324 1946 442 1988 omnes
461 1932 494 1988 et
514 1924 675 2009 singulos
697 1932 798 2009 prout
818 1925 1046 2009 ponebantur,
1066 1926 1266 2010 simpliciter

156 2030 349 2114 denegavit.
409 2031 644 2113 Interrogatus
680 2030 721 2093 de
757 2030 868 2112 primo
904 2029 1059 2105 articu10,
1096 2031 1160 2094 sub
1196 2053 1266 2115 qua

159 2136 266 2199 forma
294 2136 476 2198 verborum
505 2134 652 2197 eundem
679 2132 834 2217 protulit,
864 2132 1040 2197 fatebatur
1066 2155 1101 2198 se
1128 2135 1265 2205 dixisse,

156 2240 367 2304 sacerdotem
381 2240 415 2303 in
428 2246 570 2322 peccato
582 2238 718 2302 mortali
731 2237 876 2320 lapsum,
891 2256 959 2300 non
971 2257 1042 2300 esse
1053 2239 1266 2303 sacerdotem

156 2351 326 2428 quantum
347 2344 391 2407 ad
411 2344 533 2407 Deum.
582 2342 738 2407 Adduxit
758 2341 863 2404 etiam
883 2340 973 2404 idem
993 2341 1099 2407 frater
1117 2342 1267 2409 Thomas

156 2470 271 2513 secum
292 2449 336 2512 ad
358 2448 495 2512 eosdem
517 2449 606 2511 diem
629 2453 662 2510 et
685 2447 797 2510 locum
820 2452 888 2509 tres
910 2445 1032 2509 fratres
1053 2446 1181 2512 ordinis
1201 2448 1264 2523 sui,

156 2553 220 2618 viz.
240 2553 381 2616 fratrem
398 2553 593 2635 Johannem
618 2552 749 2625 Milton,
775 2550 971 2632 Johannem
989 2551 1265 2637 Hamsthwayte,

157 2658 400 2721 et'Thomam
441 2656 629 2730 Waltham,
671 2656 705 2720 in
745 2655 947 2730 subsidium,
990 2662 1029 2719 ut
1069 2656 1266 2734 videbatur,

156 2762 363 2826 defensionis
375 2761 597 2825 articulorum
609 2760 920 2845 praescriptorum;
945 2760 1005 2844 qui
1017 2781 1077 2844 per
1087 2760 1266 2828 dominum

157 2866 423 2930 Dunelmensem
456 2866 654 2950 episcopum
686 2884 788 2947 super
819 2866 930 2947 primo
963 2864 1107 2929 articulo
1139 2865 1266 2931 ibidem

157 2971 343 3034 examinati
390 2971 591 3034 fatebantur
620 2991 655 3033 se
686 2975 883 3052 praesentes
914 2967 1016 3032 fuisse
1048 2969 1082 3033 in
1112 2990 1266 3035 sermone

157 3076 302 3161 praefati
324 3076 438 3138 fratris
456 3075 618 3150 Thomae,
638 3080 672 3137 et
690 3073 862 3137 audivisse
880 3073 993 3155 ipsum
1011 3073 1267 3155 praedicantem

157 3181 306 3265 primum
330 3180 512 3244 articulum
536 3180 578 3243 de
601 3180 706 3242 verbo
730 3177 771 3241 ad
797 3177 952 3250 verbum,
977 3183 1080 3258 prout
1103 3177 1265 3260 ponitur;

157 3284 318 3348 dixerunt
349 3291 466 3348 tamen
494 3304 529 3347 se
559 3283 647 3347 nolle
676 3281 769 3345 dicta
798 3285 832 3343 et
862 3279 1039 3363 praedicta
1067 3300 1127 3364 per
1156 3280 1267 3366 ipsum
1346 3293 1349 3298 '

157 3389 299 3453 fratrem
316 3389 484 3452 Thomam
501 3386 730 3472 quovismodo
746 3383 938 3458 defendere,
956 3404 1017 3448 nec
1033 3392 1265 3450 manutenere.

157 3493 310 3558 Tandem
335 3493 512 3576 praefatus
535 3493 618 3556 Th0.
640 3488 854 3555 Richemond
877 3488 921 3553 ad
945 3508 1013 3562 cor,
1031 3496 1070 3553 ut
1094 3490 1266 3573 appamit,

158 3619 323 3672 reversus,
342 3620 382 3661 ac
399 3599 531 3682 plenius
548 3604 581 3660 et
599 3596 768 3659 maturius
785 3594 1004 3668 deliberatus
1023 3593 1057 3657 in
1074 3594 1269 3678 praesentia

157 3703 375 3767 dominorum
415 3700 683 3785 praesidentium
723 3699 899 3782 totiusque
937 3699 1195 3764 convocationis
1233 3705 1268 3764 et

157 3807 221 3869 viri
236 3806 268 3888 J.
285 3806 423 3880 Arston,
439 3814 473 3868 et
488 3804 658 3888 Johannis
676 3804 809 3878 Belvas‚
828 3803 1037 3878 clericomm,
1056 3803 1268 3870 notariorum

159 3911 385 3993 publicorum,
422 3918 456 3972 et
491 3910 680 3973 scribarum
715 3908 886 3973 dictorum
921 3908 1139 3971 dominorum
1175 3929 1270 3994 prae·

158 4015 356 4090 sidentium,
375 4014 509 4098 publice
526 4015 712 4088 fatebatur,
730 4013 867 4077 eosdem
884 4011 1046 4076 articulos
1062 4013 1095 4077 in
1112 4014 1271 4078 omnibus

159 4127 193 4183 et
213 4142 273 4204 per
293 4121 415 4193 omnis,
438 4125 539 4202 prout
562 4125 748 4201 ponuntur,
770 4139 907 4182 erronee
928 4138 963 4180 se
983 4117 1118 4201 publice
1138 4120 1270 4203 praedi-

159 4246 251 4287 casse
265 4246 270 4297 ;
297 4245 413 4287 revera
427 4230 543 4287 tamen
556 4222 655 4296 dixit,
667 4223 761 4306 quod
774 4223 864 4305 ipsos
876 4221 1039 4285 articulos
1050 4242 1270 4307 nequaquam

160 4330 380 4413 pertinaciter
408 4327 588 4391 defendere
617 4326 730 4399 vellet,
760 4325 818 4389 sed
847 4326 984 4389 veniam
1012 4325 1203 4408 postulans
1233 4349 1272 4392 ac

160 4434 459 4518 appellationibus,
491 4432 686 4517 privilegiis,
717 4430 983 4505 defensionibus,
1015 4451 1055 4494 ac
1085 4430 1159 4495 aliis
1187 4432 1273 4518 juris
