2918 5010
479 389 683 455 Nonrunnu
708 391 978 456 Convocxrrou.
1226 401 1287 467 115

175 606 214 650 ac
249 584 466 649 liberalitatis
501 584 666 654 honestae
701 583 949 667 circumspecta
985 581 1214 656 distributrix,
1251 586 1286 644 et

173 689 326 773 cujusvis
356 688 640 753 commendabilis
670 688 820 752 exercitii
859 693 1026 771 perpetua
1057 693 1092 750 et
1123 692 1287 750 constans

174 793 339 878 adjutrix,
362 812 525 877 personas
545 792 723 857 literarum
744 792 868 856 studiis
889 792 1095 866 insistentes,
1118 810 1179 874 per
1198 808 1288 872 quae

173 898 281 962 divini
316 897 464 961 nominis
499 901 533 960 et
570 896 649 959 fidei
684 896 875 960 catholicae
907 897 1022 961 cultus
1056 893 1286 978 protenditur,

172 1001 308 1086 justitia
343 1001 468 1066 colitur
503 1007 577 1065 tam
617 1001 755 1084 publica
794 1021 901 1086 quam
929 1000 1077 1084 privata,
1107 998 1286 1083 omnisque

173 1107 305 1172 utilitas
353 1106 525 1170 humanae
573 1105 780 1168 conditionis
829 1112 984 1189 augetur,
1034 1109 1073 1168 ut
1122 1103 1285 1166 scientiae

172 1211 396 1296 margaritam
439 1209 654 1273 commodius
698 1209 874 1293 acquirere
918 1209 1062 1292 possint,
1109 1207 1285 1272 favoribus

173 1315 392 1400 prosequitur
408 1314 577 1398 gratiosis,
596 1334 722 1396 easque
739 1313 841 1396 juvat
860 1320 894 1377 et
913 1314 1019 1388 fovet,
1038 1333 1107 1377 non
1126 1313 1285 1396 ignorans

172 1427 305 1505 quanta
318 1426 501 1502 propterea
514 1418 675 1482 ecclesiae
688 1417 864 1493 militanti,
880 1417 1063 1482 universali
1078 1416 1286 1500 reipublicae

172 1523 401 1588 commoditas
436 1522 644 1607 praesidium
680 1528 786 1607 atque
822 1521 926 1586 decus
966 1526 1218 1605 praeparantur
1252 1526 1286 1583 et

174 1628 312 1693 adsunt.
361 1627 449 1691 Sane
471 1627 604 1691 dudum
628 1627 734 1690 felicis
756 1626 1000 1690 recordationis
1023 1625 1154 1690 Urbani
1177 1644 1287 1708 papae

174 1732 221 1797 VI
251 1731 518 1816 praedecessoris
544 1730 663 1805 nostri,
689 1751 751 1813 pro
779 1737 878 1814 parte
906 1730 1110 1794 dilectorum
1139 1729 1286 1792 tiliorum

174 1837 294 1920 prioris
334 1843 368 1900 et
409 1834 551 1918 capituli
593 1835 753 1899 ecclesiae
795 1834 1034 1900 Dunelmensis
1073 1833 1212 1898 Ordinis
1252 1832 1284 1896 S.

176 1940 353 2005 Benedicti
377 1940 546 2023 exposita,
571 1939 665 2023 quod
690 1939 771 2002 olim
796 1939 906 2003 bonae
930 1938 1114 2002 memoriae
1138 1937 1288 2000 Thomas

175 2045 354 2129 episcopus
376 2043 617 2109 Dunelmensis
638 2043 682 2107 ad
704 2043 952 2107 exaltationem
974 2042 1052 2105 fidei
1074 2041 1287 2105 orthodoxae

175 2156 208 2213 et
237 2149 345 2213 divini
373 2149 488 2212 cultus
516 2154 753 2232 augmentum,
784 2154 818 2210 et
848 2167 910 2230 pro
940 2147 1151 2211 incremento
1180 2144 1285 2210 studii

176 2253 386 2338 theologicae
422 2251 599 2316 facultatis
634 2252 668 2315 in
704 2251 786 2315 villa
820 2251 1006 2315 Oxoniensi
1043 2249 1288 2315 Lincolniensis

176 2357 376 2430 dioeceseos,
409 2357 442 2420 in
477 2377 548 2440 qua
580 2356 672 2439 viget
705 2355 860 2420 studium
891 2355 1058 2439 generale,
1100 2355 1287 2439 Collegium

176 2461 350 2546 quoddam
375 2480 437 2543 pro
461 2459 633 2523 sexdecim
657 2460 820 2542 personis,
843 2480 992 2544 quarum
1015 2460 1104 2524 Octo
1128 2460 1288 2524 monachi

178 2566 372 2650 praedictae
395 2564 555 2628 ecclesiae
580 2564 820 2628 Dunelmensis
843 2585 903 2648 per
925 2564 1120 2648 praedictos
1142 2564 1289 2648 priorem

178 2677 211 2734 et
234 2669 426 2754 capitulum
450 2668 598 2752 ponendi
623 2674 657 2731 et
680 2668 881 2753 surrogandi
905 2689 964 2733 seu
987 2669 1230 2745 substituendi,
1255 2674 1289 2732 et

178 2774 265 2839 Octo
292 2775 378 2838 aliae
404 2793 568 2857 personae
594 2772 704 2837 clerici
731 2773 909 2847 seculares
936 2794 1023 2857 quos
1049 2773 1111 2857 ipsi
1138 2773 1230 2856 prior
1255 2780 1289 2837 et

178 2879 369 2962 capitulum
394 2877 558 2941 ducerent
584 2876 767 2960 eligendos,
794 2877 991 2951 existerent,
1017 2877 1076 2962 qui
1102 2877 1229 2941 ibidem
1255 2878 1288 2941 in

178 2982 209 3048 S.
236 2982 420 3066 Theologia
444 2988 478 3045 et
503 2981 537 3044 in
563 2980 706 3044 Artibus
729 2980 867 3044 studere
892 2980 1067 3056 deberent,
1093 2981 1230 3045 fundari
1255 2988 1287 3046 et

177 3087 329 3152 construi
376 3087 486 3150 lacere
533 3091 770 3169 proposuerat,
818 3084 878 3148 sed
924 3092 1034 3149 morte
1081 3091 1290 3167 praeventus

178 3190 374 3275 hujusmodi
399 3190 615 3274 propositum
640 3189 780 3253 minime
806 3188 1054 3272 adimpleverat
1073 3188 1289 3272 ;—quodque

177 3296 372 3361 carissimus
396 3295 430 3358 in
455 3294 590 3358 Christo
615 3293 704 3357 filius
728 3300 846 3357 noster
871 3292 1048 3366 Ricardus,
1070 3312 1128 3356 rex
1148 3292 1290 3376 Angliae

178 3400 329 3473 illustris,
362 3398 559 3462 desiderans
593 3418 700 3482 quam
737 3397 923 3481 plurimum
960 3395 1158 3479 hujusmodi
1194 3396 1290 3480 pium

177 3505 392 3589 propositum
435 3501 519 3566 dicti
563 3501 712 3585 episcopi
751 3501 944 3576 confovere,
987 3521 1049 3584 pro
1091 3499 1291 3584 hujusmodi

178 3608 325 3692 Collegio
344 3607 426 3671 dote
444 3606 500 3689 jus
520 3612 726 3689 patronatus
745 3604 993 3688 parochialium
1011 3603 1229 3669 ecclesiarum
1248 3604 1291 3668 de

180 3714 369 3796 Frampton
393 3717 427 3774 et
453 3709 595 3782 Bossall,
621 3730 660 3773 ac
684 3708 726 3772 de
752 3709 951 3793 Rodington
975 3715 1009 3772 et
1033 3708 1075 3772 de
1100 3708 1291 3793 Fyshelake

179 3816 433 3901 praedictarum
454 3814 699 3878 Lincolniensis
718 3819 752 3877 et
774 3813 999 3878 Eboracensis
1019 3813 1225 3878 dioecesium
1245 3813 1290 3878 ad

180 3922 292 4004 ipsum
309 3940 421 4004 regem
437 3918 695 4002 pertinentium,
713 3917 794 3981 dare
811 3924 845 3981 et
861 3918 1034 4001 assignare
1050 3917 1265 4001 proponebat
1283 3937 1290 3992 ;

181 4026 270 4090 idem
293 4024 533 4109 praedecessor
554 4022 740 4087 venerabili
765 4022 863 4086 iratri
886 4022 1046 4106 episcopo
1069 4021 1293 4086 Dunelmeusi

179 4130 249 4195 suis
276 4128 372 4193 dedit
399 4128 506 4192 literis
535 4128 567 4191 in
597 4126 782 4200 mandatis,
811 4132 850 4190 ut
878 4127 1053 4211 praelatas
1080 4125 1292 4209 parochiales

181 4234 338 4299 ecclesias
359 4253 438 4297 cum
460 4232 620 4296 omnibus
640 4230 776 4314 juribus
797 4237 832 4295 et
854 4229 1070 4314 pertinentiis
1092 4229 1162 4293 suis
1183 4229 1293 4294 eidem

181 4338 328 4422 Collegio
366 4337 575 4401 auctoritate
614 4335 803 4418 apostolica
841 4335 1074 4418 incorporaret
1110 4333 1222 4398 uniret
1258 4340 1293 4397 et

182 4448 391 4515 annecteret,
428 4446 530 4527 prout
568 4440 601 4505 in
637 4439 740 4504 dictis
775 4439 882 4503 literis
917 4438 1050 4522 plenius
1085 4438 1292 4503 continetur.
