2918 5010
477 380 682 446 Nonrunnn
708 382 977 450 Convocxrrou.
1223 401 1284 468 195

172 574 305 658 plenius
342 574 478 638 abolere
514 574 679 649 volentes
717 576 878 640 volumus
914 582 948 641 et
986 577 1214 662 praecipimus
1251 577 1285 641 in

172 680 299 744 nostris
325 679 471 744 dioecesi
499 685 534 743 et
561 680 739 763 provincia
765 682 915 762 stlatuta
942 681 1162 746 conciliorum
1190 701 1285 766 prae-

172 785 344 850 dictorum
367 783 549 867 firm]*iter
570 783 756 858 observari,
781 803 921 848 aecum
944 784 1063 849 literae
1086 785 1284 869 hujusmodi

172 890 382 974 apostolicae
402 909 463 973 per
482 888 722 953 dioecesanum
743 888 961 953 examinatae
983 888 1121 964 fuerint,
1142 888 1285 955 schedu-

173 994 241 1059 lam
269 994 313 1059 de
340 993 561 1079 indulgentiis
588 992 786 1076 hujusmodi
814 992 992 1068 conscribi,
1021 999 1055 1057 et
1082 993 1189 1058 literis
1215 994 1285 1059 suis

172 1099 333 1174 annecti;
358 1084 598 1183 nihilqueper
623 1102 823 1182 quaestores
851 1096 994 1181 proponi
1021 1102 1055 1161 et
1083 1096 1283 1182 praedicari,

174 1203 236 1268 nisi
274 1202 368 1288 quod
402 1203 435 1268 in
463 1201 625 1267 schedula
659 1201 836 1287 praedicta
868 1201 1074 1266 continetur.
1125 1201 1225 1287 Quod
1256 1202 1284 1266 si

172 1314 371 1393 quaestores
404 1308 510 1392 aliqui
544 1307 660 1392 aliqua
693 1306 736 1370 de
769 1306 992 1371 abusionibus
1025 1306 1209 1392 praedictis
1242 1307 1285 1372 de

173 1418 308 1477 caetero
326 1418 537 1497 attemptare
556 1410 859 1498 praesumpserint,
878 1431 937 1474 seu
957 1411 1128 1495 praesenti
1146 1417 1285 1477 nostrae

173 1516 413 1582 constitutioni
434 1517 467 1581 in
485 1516 601 1600 aliqua
617 1514 669 1578 sui
689 1521 788 1599 parte
804 1516 1095 1594 contravenerint,
1112 1517 1157 1581 ab
1174 1516 1285 1582 officio

174 1620 351 1704 praedicto
374 1619 512 1704 penitus
535 1619 762 1704 expellantur,
787 1625 821 1682 et
846 1620 890 1684 ad
914 1620 1046 1685 dictum
1069 1620 1218 1686 officium
1242 1621 1284 1685 de

174 1729 310 1789 caetero
329 1723 526 1788 nullatenus
545 1723 788 1788 admittantur.
848 1723 882 1787 Si
901 1725 979 1808 quis
998 1744 1080 1788 vero
1100 1732 1211 1789 rector
1229 1725 1284 1790 vel

175 1827 332 1902 vicarius,
353 1826 550 1910 capellanus
568 1827 622 1891 vel
639 1833 790 1903 curatus,
808 1828 958 1913 aliquem
981 1828 1023 1891 de
1043 1830 1285 1914 quaestoribus

175 1931 373 2016 hujusmodi
403 1938 523 1996 contra
553 1931 700 1997 formam
728 1933 949 1997 conciliorum
979 1933 1014 1997 in
1043 1933 1183 1998 ecclesia
1211 1933 1284 1998 sive

175 2036 306 2121 capella
344 2056 407 2100 sua
445 2036 647 2100 admiserint
692 2037 776 2119 (sic),
815 2057 962 2120 poenam
1002 2036 1061 2100 xlta
1098 2037 1284 2102 solidorum

175 2141 290 2226 legalis
313 2147 472 2205 monetae
494 2141 636 2227 Angliae
659 2142 809 2206 fabricae
831 2141 991 2206 ecclesiae
1014 2143 1285 2226 metropoliticae

175 2245 400 2310 Eboracensis
428 2244 711 2328 applicandorum
739 2246 869 2310 solvere
896 2252 1077 2321 teneatur;
1115 2247 1285 2330 perhanc
1327 2246 1328 2250 ’

175 2356 292 2414 tamen
308 2349 592 2413 constitutionem
610 2350 672 2424 his,
690 2350 749 2435 qui
769 2350 1042 2434 jurisdictionem
1058 2351 1285 2435 episcopalem

175 2453 316 2527 habent,
340 2452 500 2517 nolumus
522 2453 555 2517 in
580 2453 695 2538 aliquo
718 2455 967 2537 praejudicium
989 2455 1152 2540 generari.
1200 2455 1285 2520 Cum

175 2557 264 2621 inter
274 2555 456 2646 nonnullos
466 2556 692 2640 parochianos
702 2565 839 2622 nostrae
850 2558 1041 2623 dioeceseos
1054 2559 1133 2623 talis
1144 2560 1285 2624 inolevit

176 2662 395 2746 protervitas
420 2660 513 2744 quod
537 2661 564 2723 si
588 2661 632 2724 ad
658 2662 823 2726 fabricam
846 2664 1000 2728 matricis
1023 2663 1182 2729 ecclesiae
1205 2684 1287 2729 suae

176 2765 380 2849 parochialis
409 2766 561 2828 conferre
589 2765 723 2841 nolunt,
753 2767 962 2831 arbitrantes
990 2787 1025 2830 se
1054 2768 1098 2831 ab
1127 2768 1287 2833 omnibus

176 2869 374 2952 hujusmodi
410 2869 563 2932 excusari
599 2889 707 2953 posse,
743 2891 805 2954 pro
839 2892 879 2934 co
913 2872 1006 2955 quod
1042 2872 1086 2936 ad
1121 2873 1287 2937 fabricam

175 2974 384 3058 capellarum
416 2973 504 3037 infra
539 2973 717 3057 parochias
751 2995 831 3038 suas
865 2975 1010 3039 sitarum
1049 2977 1285 3051 contribuunt,

176 3100 237 3142 nos
269 3077 500 3150 attendentes,
530 3077 624 3160 quod
660 3078 857 3161 parochiani
889 3079 1055 3162 praedicti
1087 3080 1131 3144 ad
1162 3081 1288 3145 contri·

176 3183 353 3248 buendum
388 3182 523 3245 matrici
558 3201 640 3245 suae
675 3180 834 3246 ecclesiae
869 3182 963 3266 prius
997 3203 1102 3266 quam
1138 3184 1288 3267 capellae

176 3287 352 3371 magisque
393 3287 612 3359 tenebantur,
649 3285 791 3368 proinde
833 3287 1031 3361 statuimus,
1075 3286 1169 3371 quod
1209 3287 1288 3351 licet

176 3391 375 3475 parochiani
415 3390 580 3454 antedicti
620 3390 663 3453 ad
703 3389 923 3454 refectionem
962 3398 996 3453 et
1036 3391 1288 3474 reparationem

176 3496 385 3579 capellarum
423 3494 622 3578 hujusmodi
660 3494 850 3568 conferant,
891 3514 911 3558 a
949 3494 1206 3560 contributione
1244 3495 1289 3558 ad

176 3601 336 3664 ecclesiae
356 3600 510 3663 matricis
529 3620 610 3664 suae
634 3598 802 3663 fabricam
823 3605 857 3666 et
878 3600 1142 3683 reparationem,
1161 3620 1201 3665 ac
1222 3600 1289 3665 alia

177 3724 280 3768 onera
312 3704 522 3787 parochialia
553 3723 779 3787 quaecunque
810 3703 1060 3787 supportanda,
1093 3704 1290 3780 nullatenus

177 3814 394 3881 excusentur,
420 3808 480 3871 sed
505 3807 606 3891 juxta
632 3806 872 3872 discretionem
898 3807 1059 3872 ordinarii
1085 3809 1137 3873 sui
1162 3808 1289 3873 contri-

178 3914 280 3976 buere
308 3919 502 3977 teneantur.
551 3911 650 3995 Quod
678 3911 706 3974 si
733 3911 933 3995 hujusmodi
960 3913 1158 3996 parochiani
1186 3932 1289 3976 onera

177 4016 353 4102 praedicta
382 4023 460 4100 post
489 4016 714 4079 monitionem
742 4015 932 4100 legitimam
960 4016 1008 4080 eis
1035 4016 1070 4081 in
1098 4016 1163 4080 hac
1190 4021 1291 4099 parte

178 4127 307 4190 factam
342 4125 456 4189 subire
493 4124 736 4198 recusaverint,
770 4120 920 4205 capellae
957 4119 1152 4203 praedictae
1188 4119 1291 4183 inter·

177 4231 348 4305 dicantur,
371 4237 405 4294 et
427 4229 545 4294 divina
567 4229 601 4292 in
622 4227 750 4292 eisdem
771 4246 841 4290 non
862 4224 1089 4297 celebrantur,
1111 4242 1291 4307 quousque

230 4345 383 4426 saline
404 4379 453 4426 has
475 4377 538 4424 here
556 4378 624 4425 been
648 4377 732 4425 burnt
756 4389 835 4436 away
856 4374 883 4420 in
905 4372 953 4421 the
976 4372 1023 4419 tire
1044 4371 1114 4419 from
1136 4369 1226 4418 which
1243 4371 1292 4421 the

178 4461 327 4508 Cottoniau
342 4459 418 4506 MSS.
435 4457 562 4505 suffered.
