2918 5010
437 364 643 430 Nonrnrnu
668 365 937 430 Couvooarrou.
1201 383 1243 447 99

130 554 216 620 Cum
239 576 299 638 per
320 576 382 619 nos
406 577 445 619 ac
468 563 621 620 caeteros
645 558 817 640 praelatos
839 564 873 620 et
897 557 1024 620 clerum
1047 564 1242 621 nostrarum

128 660 283 723 civitatis
296 666 329 723 et
343 660 536 724 dioeceseos
553 682 663 744 nuper
679 662 713 724 in
727 660 868 724 ecclesia
886 661 984 724 Beati
1003 661 1095 725 Pe'tri
1114 662 1242 725 Ebora-

128 764 238 828 censis
272 764 305 827 in
340 765 603 848 congregatione
637 764 716 829 cleri
751 765 949 849 provinciae
982 765 1123 830 domino
1158 765 1241 849 Regi

127 868 320 933 subsidium
344 869 492 933 duarum
516 869 727 933 decimarum
747 869 790 932 dc
811 869 1047 933 ecclesiasticis
1069 869 1241 933 beneficiis

127 972 300 1037 dictarum
333 978 530 1037 nostrarum
564 973 717 1036 civitatis
755 980 789 1037 et
829 973 1020 1037 dioeceseos
1055 972 1241 1036 liberaliter

127 1097 327 1142 concessum
355 1077 457 1141 fuerit
487 1097 548 1161 pro
575 1077 772 1141 defensione
802 1077 921 1161 Regni,
947 1077 1150 1140 solvendum
1178 1097 1239 1160 per

127 1182 288 1266 aequales
311 1181 486 1264 portiones
509 1182 553 1245 ad
577 1181 664 1245 duos
689 1182 853 1244 terminos
876 1181 1054 1255 limitatos,
1079 1181 1238 1245 videlicet

127 1286 161 1350 in
184 1286 273 1349 festo
295 1285 509 1349 Inventionis
530 1292 670 1350 sanctae
692 1285 807 1349 Crucis
828 1293 862 1349 et
883 1287 1006 1350 beatae
1028 1287 1240 1370 Margaretae

126 1390 267 1475 virginis
296 1391 450 1473 proxime
481 1389 616 1463 futuris,
648 1411 709 1452 vos
737 1390 953 1454 collectorem
982 1391 1066 1454 dicti
1095 1390 1238 1455 subsidii

126 1495 335 1579 deputamus
375 1493 588 1578 assignamus
625 1502 658 1557 et
691 1494 934 1558 constituimus
965 1495 1158 1578 specialiter
1194 1495 1238 1559 ad

125 1599 354 1683 colligendum
386 1606 421 1663 et
452 1598 649 1669 levandum,
683 1598 792 1681 colligi
825 1606 858 1662 et
892 1599 997 1662 levari
1031 1599 1236 1672 faciendum,

125 1724 362 1788 quascumque
411 1703 632 1786 pecuniarum
681 1723 833 1766 summas
882 1704 1014 1767 ratione
1062 1704 1238 1786 praelatae

125 1807 353 1871 concessionis
385 1807 525 1871 domino
557 1814 675 1870 nostro
709 1807 793 1890 Regi
825 1807 971 1882 debitas,
1005 1813 1039 1870 et
1072 1807 1116 1870 ad
1147 1828 1238 1871 corn-

126 1912 335 1995 pescendum
356 1913 413 1993 [et]
434 1910 710 1994 compellendum
728 1931 952 1994 quoscunque
969 1911 1239 1974 contradictores

126 2016 267 2080 rebelles
298 2022 359 2079 aut
391 2016 600 2100 negligentes
632 2015 676 2079 ad
708 2015 915 2078 solutionem
947 2014 1143 2097 hujusmodi
1176 2035 1239 2097 pro

126 2120 342 2203 portionibus
366 2120 458 2203 ipsos
481 2125 515 2183 et
540 2140 658 2183 eorum
682 2119 847 2182 beneficia
872 2118 1153 2203 contingentibus
1177 2138 1238 2201 per

126 2225 335 2288 sententiam
360 2224 500 2308 majoris
525 2222 890 2288 excommunicationis
915 2223 949 2286 in
975 2242 1119 2305 persona
1144 2228 1178 2285 et
1203 2222 1237 2285 in

126 2328 201 2392 loeo
227 2349 366 2393 suorum
395 2329 636 2392 beneficionrm
664 2328 698 2391 in
726 2335 760 2391 et
787 2327 830 2391 de
856 2327 1092 2410 jurisdictione
1119 2332 1237 2391 nostra

127 2433 360 2505 existentium,
400 2440 434 2496 et
473 2433 517 2497 ad
556 2432 825 2515 impendendum
864 2432 992 2496 eisdem
1039 2438 1072 2494 et
1120 2452 1236 2495 eorum

127 2537 266 2601 cuilibet
309 2537 512 2601 beneficium
554 2536 780 2600 absolutionis
821 2557 899 2600 cnm
943 2536 977 2600 id
1020 2536 1236 2600 invenerint:

126 2642 377 2706 committimus
423 2643 513 2705 vices
560 2648 695 2704 nostras
741 2661 819 2704 cum
866 2641 1049 2724 cujuslibet
1098 2640 1237 2704 alterius

126 2747 343 2810 coherciones
385 2746 569 2809 canonicae
613 2752 796 2828 potestate.
847 2746 886 2809 ln
930 2745 1029 2828 cujus
1073 2745 1129 2819 rei,
1170 2751 1235 2809 etc.

128 2851 258 2915 Datum
290 2850 383 2933 apud
411 2850 572 2913 Ankland
606 2849 717 2912 xxvii⁰
747 2850 801 2913 die
834 2850 958 2913 mensis
989 2851 1115 2932 Aprilis
1146 2870 1238 2913 anno

126 2954 267 3027 domini,
291 2960 367 3026 ete,
392 2953 528 3016 lxxviii0
549 2960 582 3017 et
606 2954 871 3017 consecrationis
901 2961 1039 3017 nostrae
1072 2954 1204 3018 xxxiiia

628 3183 740 3248 XLII.

208 3362 238 3421 li.
281 3360 347 3420 The
379 3361 504 3420 curious
536 3359 661 3419 Protest
694 3360 728 3418 of
763 3361 818 3419 the
855 3359 1000 3419 Palatine
1036 3360 1171 3437 Bishops
1204 3362 1238 3420 of

169 3457 321 3517 Durham.
340 3456 443 3515 which
466 3475 531 3514 was
552 3456 648 3515 based
668 3475 708 3514 on
732 3455 830 3533 Papal
849 3456 1044 3533 exemption,
1064 3456 1237 3516 continued

169 3560 202 3612 to
224 3554 263 3611 be
285 3552 415 3630 gravely
434 3552 551 3611 recited
575 3553 605 3612 in
629 3551 846 3611 Convocation
870 3552 962 3611 down
984 3559 1018 3611 to
1037 3571 1056 3611 a
1073 3551 1149 3612 date
1168 3553 1237 3612 well

168 3649 198 3707 in
219 3649 274 3708 the
292 3667 434 3726 memory
451 3649 485 3707 of
507 3667 604 3726 many
622 3649 778 3707 members
796 3647 829 3707 of
852 3648 923 3707 that
947 3648 1116 3727 assembly.
1170 3650 1237 3710 The

168 3750 293 3822 present
309 3743 514 3803 Archdeacon
531 3744 564 3802 of
579 3743 724 3803 Durham
740 3744 797 3802 has
811 3743 937 3803 himself
953 3744 1027 3803 read
1043 3744 1090 3803 his
1103 3751 1235 3822 protest.

167 3839 233 3899 The
259 3839 418 3916 following
443 3838 631 3899 documents
654 3858 707 3898 are
731 3839 827 3899 taken
851 3840 932 3899 from
956 3840 1011 3899 the
1037 3841 1180 3899 archives
1205 3841 1237 3900 of

169 3936 222 3995 the
258 3934 438 3995 Palatinate
473 3933 570 3994 Court
600 3943 633 3994 at
670 3935 824 3996 Durham.
881 3936 1041 4015 Together
1068 3936 1146 3995 with
1175 3937 1238 3997 this

168 4031 338 4110 Episcopal
360 4031 485 4089 Protest
507 4031 562 4090 the
584 4030 672 4090 Prior
692 4032 756 4091 and
777 4034 832 4093 the
854 4031 1019 4110 Capitular
1040 4031 1181 4102 Proctor‚
1203 4051 1239 4092 or

169 4128 250 4188 their
275 4146 451 4187 successors
476 4127 530 4186 the
555 4127 643 4187 llean
669 4128 733 4188 and
757 4128 906 4206 Chapter,
935 4128 989 4188 the
1016 4127 1238 4187 Archdeacons

168 4225 215 4285 for
242 4223 445 4292 themselves,
474 4223 537 4282 and
565 4224 619 4283 the
646 4232 788 4302 proctors
815 4225 848 4282 of
877 4224 933 4283 the
960 4223 1237 4293 ArchdeaeonrieS,

167 4322 207 4381 all
235 4320 310 4381 read
338 4338 357 4379 a
383 4318 445 4378 like
476 4325 607 4397 protest,
635 4338 694 4378 one
720 4321 754 4378 ot
779 4320 882 4380 which
908 4319 933 4378 is
961 4319 1054 4396 given
1081 4319 1159 4380 with
1185 4320 1239 4379 the

168 4416 336 4497 Episcopal
353 4416 536 4475 document.
