2918 5010
485 399 689 464 Nonrrreau
714 395 983 462 Convocnrrou.
1230 410 1292 474 133

180 594 419 678 exequendum
440 594 473 657 in
497 591 666 676 prosperis
684 589 826 672 dirigere
847 596 880 652 et
902 586 1103 652 continuare
1120 584 1290 670 dignetur.

180 719 219 761 ac
257 699 356 761 nobis
394 704 428 760 et
467 697 556 760 clero
594 702 712 758 nostro
752 693 928 758 antedicto
971 693 1015 756 ad
1060 690 1113 755 sui
1144 690 1292 755 nominis

179 801 320 884 gloriam
338 800 583 885 congregandis
603 799 735 862 medius
752 799 907 873 existere,
926 798 1120 881 nostrisque
1136 795 1292 860 sensibus

179 905 342 968 scienciae
366 926 447 968 suae
471 904 585 967 lumen
609 904 641 965 in
663 902 727 965 hac
748 902 822 986 ejus
842 910 876 967 et
897 903 1056 966 ecclesiae
1078 921 1161 965 suae
1186 920 1291 964 causa

178 1029 309 1072 summe
357 1009 583 1073 necessarium
631 1005 820 1080 infundere,
860 1007 976 1089 sicque
1022 989 1113 1068 dona
1159 1004 1291 1088 gratiae

179 1134 259 1176 suae
287 1114 384 1176 nobis
412 1120 445 1176 et
475 1113 657 1196 unicuique
685 1119 842 1175 nostrum
870 1110 1033 1184 dividere,
1062 1116 1100 1173 ut
1130 1130 1170 1174 ea
1201 1129 1291 1193 quae

178 1218 225 1280 sic
257 1218 384 1299 placita
415 1224 494 1280 sunt
524 1223 558 1279 et
587 1217 631 1279 ad
663 1216 921 1278 enervationem
953 1214 1099 1298 praefati
1133 1212 1291 1277 horrendi

178 1321 371 1385 schismatis
409 1328 481 1385 tam
518 1320 588 1392 diu,
628 1321 730 1402 proth
770 1319 877 1392 dolor,
917 1318 1110 1382 continuati
1152 1317 1291 1382 tendere

178 1425 328 1498 valeant,
374 1425 552 1488 decernere
598 1425 726 1506 pariter
767 1430 801 1486 et
844 1422 1001 1487 ordinare
1045 1423 1215 1506 possimus
1256 1421 1290 1486 in

179 1530 358 1592 missarum
371 1529 554 1600 solemniis,
569 1528 784 1591 sermonibus
798 1527 956 1610 publicis,
973 1534 1007 1591 et
1021 1526 1294 1611 processionibus

178 1653 264 1715 quas
282 1643 462 1715 propterea
480 1632 621 1715 singulis
638 1632 772 1715 quartis
789 1639 823 1695 et
842 1632 949 1694 sextis
969 1630 1058 1694 feriis
1075 1632 1234 1696 solertius
1251 1651 1292 1695 ac

179 1737 373 1819 diligentius
396 1738 466 1799 lieri
490 1737 659 1809 volumus,
683 1737 855 1800 orationes
877 1735 1022 1799 devotas
1046 1735 1185 1818 jejuniis
1208 1735 1292 1798 elee-

179 1842 328 1915 mosinis,
362 1849 394 1905 et
427 1843 501 1906 aliis
536 1842 691 1905 caritatis
728 1841 888 1924 operibus
925 1839 1072 1903 vallatas
1109 1837 1291 1903 effundant

178 1944 366 2029 diligenter.
416 1948 460 2010 Et
514 1953 551 2010 ut
606 1946 758 2011 fidelium
811 1952 944 2009 mentes
995 1943 1040 2007 ad
1091 1941 1290 2026 hujusmodi

178 2049 370 2112 devotionis
402 2071 504 2132 opera
536 2052 738 2134 propensius
769 2049 969 2123 excitemus
1009 2047 1051 2110 de
1087 2046 1149 2110 Dei
1182 2046 1290 2110 omni-

179 2155 330 2236 potentis
366 2155 531 2218 immensa
563 2153 793 2219 misericordia
825 2159 859 2216 et
895 2152 1112 2216 beatissimae
1143 2150 1292 2234 Virginis

181 2256 304 2320 llariae
343 2258 462 2320 matris
500 2258 664 2340 ejusdem,
701 2281 740 2322 ac
776 2259 956 2321 beatorum
996 2256 1087 2319 Petri
1122 2263 1156 2319 et
1193 2255 1289 2320 Pauli

179 2362 411 2441 apostolorum
435 2362 518 2444 ejus,
544 2382 674 2425 necnon
698 2362 884 2425 beatissimi
906 2361 1115 2425 Confessoris
1132 2359 1290 2424 Willelmi

181 2467 241 2546 [St.
258 2466 405 2530 William
421 2467 455 2529 of
472 2466 601 2547 Yorlel*
616 2473 843 2549 patronorum
857 2473 1052 2531 nostrorum
1067 2465 1290 2548 omniumque

178 2576 374 2634 sanctorum
421 2570 551 2633 meritis
594 2577 627 2632 et
672 2569 828 2653 precibus
875 2569 1096 2642 confidentes
1140 2568 1289 2652 ipsisque

179 2673 333 2736 fidelihus
368 2674 630 2758 quibuscunque
671 2694 730 2757 per
767 2679 921 2737 nostram
953 2672 1166 2756 provinciam
1194 2677 1289 2735 ante-

179 2777 305 2840 dictam
320 2777 462 2841 ubilibet
477 2779 686 2851 constitutis,
702 2779 743 2842 de
761 2777 911 2860 peccatis
928 2777 997 2840 suis
1014 2797 1092 2840 vere
1109 2775 1286 2859 poeniten·

180 2881 270 2944 tibus
301 2882 459 2945 contritis
490 2890 524 2945 et
556 2882 729 2955 confessis,
762 2883 960 2965 praemissa,
993 2888 1031 2944 ut
1063 2879 1286 2964 praedicitur,

180 2985 381 3049 facientibus
396 2986 429 3048 xl
443 2986 514 3048 dies
529 2985 759 3071 indulgentiae
773 2987 992 3052 concedimus
1005 3007 1064 3069 per
1077 2992 1284 3069 praesentes

181 3090 222 3152 Et
240 3114 259 3153 a
277 3090 374 3152 vobis
391 3090 603 3173 caeterisque
620 3091 850 3155 confratribus
867 3099 901 3155 et
922 3090 1145 3174 suffraganeis
1162 3089 1287 3154 nostris

177 3193 300 3257 similes
319 3193 547 3277 indulgentias
565 3195 713 3275 petimus
730 3195 873 3279 elargiri.

247 3392 261 3421 ⁸
283 3394 348 3441 ‘'St.
376 3394 495 3441 William
518 3394 546 3441 ol
574 3392 676 3440 l'ork’'
704 3409 759 3441 was
786 3394 904 3442 William
931 3394 1113 3449 Fitzherbert,
1141 3393 1203 3442 who
1228 3407 1284 3442 was

176 3470 320 3519 'l'reasurer
333 3474 361 3520 of
376 3473 451 3520 Yorlr
467 3473 492 3519 in
511 3485 584 3532 1130.
601 3473 655 3520 and
670 3489 725 3522 was
740 3475 820 3522 ruade
835 3490 851 3522 a
865 3474 970 3537 Bishop
990 3474 1027 3536 by
1049 3472 1241 3522 consecration
1255 3477 1285 3522 at

176 3549 345 3598 ll'inchester
366 3552 392 3598 in
416 3563 490 3611 1143,
506 3552 612 3613 though
634 3551 666 3598 he
686 3552 733 3599 ‹lirl
754 3560 804 3602 not
823 3559 869 3616 get
889 3553 1059 3616 nnrlisputed
1080 3552 1236 3616 possession
1256 3552 1285 3601 of

176 3629 222 3677 the
243 3631 454 3695 hrchhishopric
475 3631 516 3679 till
540 3643 566 3678 11
574 3645 584 3692 ς
591 3643 613 3691 3.
654 3630 686 3679 In
707 3633 753 3680 the
775 3633 879 3680 nnnals
899 3633 928 3680 of
948 3631 1121 3680 winchester
1140 3647 1180 3679 we
1199 3631 1283 3679 read:

178 3715 191 3729 '¹
205 3709 323 3757 llcxlvii.
365 3710 424 3757 lloc
444 3726 518 3759 anno
531 3711 660 3759 exulatus
674 3716 716 3759 est
731 3711 961 3775 hrclriepiscopus
983 3711 1164 3760 Eboraccnsis
1183 3708 1284 3757 Willel-

176 3802 235 3836 mus
249 3789 285 3836 ah
298 3789 536 3853 archiepiscopatu
551 3792 628 3838 suo.''
670 3790 773 3853 Bishop
787 3790 883 3853 Henry
897 3791 926 3838 of
940 3790 1023 3842 Blois‚
1040 3796 1054 3811 '¹
1065 3790 1181 3838 because
1194 3788 1223 3837 of
1236 3787 1284 3836 the

176 3867 371 3930 ‚lrchhishop's
386 3867 503 3916 holiness
517 3869 545 3915 of
559 3868 612 3922 life,
628 3871 682 3916 and
697 3870 813 3917 because
827 3869 861 3916 he
875 3868 930 3916 had
945 3867 1054 3918 himself
1068 3867 1137 3916 both
1150 3865 1283 3916 ordained

175 3947 228 3992 and
242 3948 418 3994 consecrated
435 3947 519 3999 lrim‚''
536 3947 682 3995 welcoiued
697 3948 754 3995 him
769 3953 799 3995 to
813 3947 854 3995 his
869 3947 962 4002 house,
978 3947 1032 3995 and
1047 3945 1199 4010 supported
1215 3945 1282 3992 him.

176 4023 216 4069 lle
237 4025 308 4071 llverl
328 4024 364 4071 all
388 4025 420 4070 he
443 4024 523 4072 coulrl
548 4025 614 4072 with
635 4026 682 4073 the
703 4025 801 4074 uronks
820 4027 849 4075 of
868 4028 909 4074 St.
933 4026 1067 4081 swithun,
1099 4028 1152 4073 “et
1175 4023 1283 4073 illorum

174 4103 351 4150 sanctitatem
364 4109 497 4165 tanquam
520 4104 678 4166 angelorum
700 4104 825 4154 dilexit.’'
866 4105 969 4168 Bishop
991 4104 1086 4167 Henry
1106 4104 1133 4152 iu
1157 4114 1221 4164 1153
1243 4105 1284 4161 lor

178 4185 253 4241 1154)
280 4181 360 4228 made
384 4196 466 4243 peace
488 4183 611 4229 between
632 4183 679 4230 the
703 4183 877 4248 Archbishop
900 4185 955 4233 and
978 4184 1020 4233 his
1039 4182 1145 4247 people,
1169 4182 1225 4230 and
1250 4181 1284 4230 he

174 4261 302 4308 returned
321 4266 351 4308 to
369 4260 454 4315 York.
475 4263 572 4316 where,
592 4268 606 4283 '¹
620 4269 650 4310 ut
669 4263 784 4321 fertur,’'
807 4266 840 4314 he
859 4281 916 4314 was
937 4264 1068 4329 poisoned
1090 4263 1127 4326 by
1147 4278 1163 4311 a
1183 4259 1284 4324 deadly

173 4341 282 4396 chalice‚
299 4341 353 4388 and
367 4342 430 4389 ‹lierl
446 4343 471 4388 in
491 4354 563 4402 1¹54·
604 4342 646 4389 Hc
660 4358 716 4392 was
729 4345 876 4394 canonised
891 4344 928 4407 by
943 4343 1059 4407 popular
1072 4340 1213 4395 affection,
1228 4339 1282 4388 and

175 4418 215 4466 his
228 4419 283 4482 day
298 4420 320 4468 is
335 4418 407 4482 June
422 4422 478 4468 8th.
