2918 5010
276 356 317 422 16
659 359 832 424 Raconos
863 376 909 424 or
935 376 1008 424 rue

272 550 472 617 ordinarios
502 553 683 617 annuatim
715 553 784 616 suis
813 552 966 616 terminis
995 552 1198 637 colligatur:
1237 558 1272 617 et
1303 558 1385 618 sunt

274 656 410 720 termini
433 658 466 721 in
491 657 585 720 iestis
606 657 802 720 nativitatis
824 656 915 720 beati
939 654 1109 738 Johannis
1133 655 1326 740 Baptistae,
1350 666 1385 721 et

273 761 399 824 natalis
447 760 584 826 Domini
632 761 674 824 de
720 781 898 825 consensu.
969 759 1061 844 Quid
1108 768 1226 824 autem
1273 761 1383 825 clerus

275 863 513 929 Dunelmensis
539 866 730 930 dioeceseos
757 866 855 928 vobis
887 885 949 948 pro
982 865 1135 928 subsidio
1166 865 1381 940 concesserit,

273 969 447 1033 serenitati
475 976 608 1033 vestrae
631 979 779 1053 exponet
805 969 1029 1052 personaliter
1052 969 1231 1052 episcopus
1254 969 1380 1034 Dunel·

274 1074 407 1137 mensis,
455 1073 549 1137 (Tirca
566 1074 687 1137 horum
712 1073 963 1157 promotionem
987 1093 1127 1156 operam
1151 1073 1381 1157 impendimus

272 1176 481 1261 diligentem,
503 1178 600 1259 regiis
620 1178 802 1261 praecipue
822 1178 999 1261 cupientes
1023 1177 1139 1241 lavere
1158 1177 1379 1261 profectibus,

273 1280 332 1364 qni
367 1282 494 1346 votivis
535 1282 661 1365 jugiter
698 1282 864 1365 pullulent
907 1281 1133 1345 incrementis.
1194 1281 1379 1346 Conservet

274 1385 544 1449 incolumitatem
566 1394 715 1450 vestram
732 1386 890 1450 ecclesiae
907 1391 940 1449 et
960 1384 1087 1469 populo
1103 1406 1166 1450 suo
1182 1386 1378 1459 altissimus,

272 1488 331 1573 qui
351 1509 512 1573 prospero
531 1510 681 1575 regressu
703 1510 763 1553 vos
782 1489 922 1554 reducat
944 1490 988 1554 ad
1007 1510 1149 1573 regnum
1168 1509 1229 1573 per
1245 1490 1378 1573 singula

273 1594 446 1677 acceptius
463 1595 651 1679 expeditos.
700 1594 841 1665 Datum,
859 1601 924 1659 etc.
946 1592 1068 1677 {1287}

394 1797 436 1857 vi.
481 1797 735 1857 AConvocation
753 1797 825 1856 held
844 1797 872 1855 in
891 1796 988 1859 l'ork.
1002 1815 1043 1855 on
1059 1815 1077 1855 a
1094 1795 1182 1874 royal
1194 1795 1264 1855 writ
1280 1796 1378 1856 dated

315 1894 388 1953 roth
421 1894 612 1957 November.
647 1910 734 1963 1201,
766 1891 954 1952 summoned
986 1892 1029 1969 by
1060 1891 1261 1969 Archbishop
1291 1890 1376 1968 John

315 1992 488 2052 Romanus,

353 2125 445 2199 prag,
465 2125 495 2201 J.
515 2125 661 2186 Romani.
682 2124 789 2194 libor„
808 2124 828 2182 l.
848 2125 890 2197 51.

353 2259 511 2335 [wilkins.
531 2259 681 2324 eoncilia,
702 2258 744 2317 ll.
767 2259 845 2333 1741.

796 2440 855 2503 Vl.

395 2585 447 2644 vii.
490 2584 557 2643 'l'lie
574 2582 686 2657 King's
702 2581 854 2640 llaudate
872 2580 897 2637 is
914 2579 1040 2656 printed
1056 2580 1158 2638 above
1173 2598 1214 2638 on
1231 2599 1285 2658 pp.
1304 2598 1331 2651 1,
1349 2597 1376 2641 2.

312 2681 379 2739 'lue
409 2678 653 2740 “Centimalo''
683 2677 716 2736 ol
743 2674 943 2751 Archbisliop
971 2674 1055 2751 John
1086 2676 1110 2733 is
1139 2676 1211 2734 here
1240 2675 1377 2753 printed,

314 2777 446 2836 ier-ause
461 2777 484 2835 it
499 2775 644 2834 contains
660 2782 722 2831 two
737 2771 908 2830 reiercnccs
924 2777 957 2828 to
972 2769 1025 2828 tlte
1042 2770 1161 2847 llisliop
1174 2771 1207 2829 ol
1222 2770 1376 2833 Durham.

314 2874 367 2932 tlte
395 2870 581 2931 lorrnirlnble
608 2871 739 2945 Antouy
766 2867 854 2927 llelt:
880 2866 932 2924 the
959 2885 1018 2924 one
1044 2866 1186 2943 showing
1212 2866 1284 2926 that
1312 2867 1366 2926 the

314 2970 456 3029 llurliam
472 2967 594 3026 diocese,
609 2965 671 3023 liarl
686 2963 828 3022 declinerl
846 2972 878 3021 to
892 2980 1011 3039 appear
1025 2980 1064 3019 on
1082 2962 1135 3020 tlte
1151 2961 1377 3041 Archbishop's

312 3083 497 3127 summons:
521 3063 584 3121 ancl
611 3062 664 3120 tlte
690 3061 782 3118 other
810 3060 880 3118 tliat
912 3058 965 3117 the
991 3057 1191 3135 Arelibisliop
1217 3058 1280 3117 had
1305 3066 1376 3118 sent

312 3163 377 3222 lrim
398 3182 415 3221 a
435 3160 549 3220 second
570 3175 733 3217 summons
754 3157 800 3214 lor
821 3155 874 3213 tlie
896 3153 1054 3227 following
1073 3153 1275 3231 ll'erlnesrlay
1295 3154 1377 3214 alter

314 3261 368 3320 the
386 3258 567 3335 lipipltany.
590 3271 675 3325 1201.

272 3446 604 3509 CERTlrletrtToRuru
628 3454 769 3502 DOMINO
790 3453 873 3500 REGI
895 3451 1009 3499 SUPER
1031 3450 1167 3498 EADEM.

360 3621 579 3687 Serenissimo
603 3617 746 3703 principi
770 3615 910 3679 domino
933 3634 1005 3687 sno,
1030 3613 1170 3677 domino
1195 3614 1376 3687 Eduardo,

273 3729 333 3793 Dei
364 3727 474 3807 gratia
504 3725 571 3805 regi
602 3723 743 3805 Angliae
773 3720 905 3793 illustri,
936 3718 1076 3782 domiuo
1115 3718 1312 3799 Hubemiae
1342 3727 1375 3782 et

273 3833 350 3897 (luci
377 3829 594 3916 Aepritaniae,
613 3827 798 3909 Joliannes,
824 3822 1042 3906 pennissione
1067 3820 1220 3904 ejusdem
1248 3822 1376 3887 Ebora-

272 3938 380 4003 censis
402 3933 684 4015 archiepiscopus
708 3928 849 4009 Angliae,
872 3927 1008 4010 primas,
1031 3925 1177 3989 salutem
1201 3927 1234 3989 in
1257 3947 1297 3990 eo
1319 3948 1378 4010 per

271 4063 373 4128 quem
405 4059 498 4121 reges
529 4042 670 4120 regnant
702 4041 736 4096 et
768 4052 870 4113 regna
900 4037 1024 4095 cuncta
1059 4030 1263 4093 subsistunt.
1323 4032 1377 4095 Ad

272 4143 517 4212 dominationis
547 4145 681 4203 vestrae
713 4136 937 4200 reverentiam
970 4141 1160 4197 eom'ocato
1191 4133 1235 4197 ad
1266 4142 1376 4198 certos

272 4254 361 4317 ‹liem
381 4257 414 4313 et
427 4250 538 4312 locum
553 4243 747 4328 provinciae
761 4248 898 4304 nostrae.
913 4239 1012 4311 clero,
1028 4238 1252 4321 expositoque
1266 4239 1375 4302 eidem

272 4359 360 4423 clero
400 4350 580 4439 praesenti,
619 4354 755 4432 praeter
794 4344 971 4409 dominnm
1015 4343 1210 4425 episcopum
1250 4342 1376 4405 Dunel-

271 4481 420 4530 mensem
443 4479 482 4523 ac
502 4454 628 4520 clerum
649 4473 760 4526 suum,
782 4450 840 4536 qui
862 4448 955 4511 nullo
975 4446 1078 4509 modo
1098 4464 1293 4529 comparere
1315 4467 1375 4510 nec
