2918 5010
176 366 241 449 346
562 363 735 429 Reconos
758 380 804 429 or
824 380 898 429 rins

176 560 382 634 Lincolniae,
412 557 550 622 Henrici
580 555 815 631 Norwicensis,
845 555 1025 641 Radulphi
1056 557 1296 624 Bathonensis

174 671 209 727 et
237 663 423 738 wellensis,
452 661 620 746 Johannis
647 662 780 735 Sarum,
809 660 979 744 Johannis
1006 661 1233 729 Menevensis
1260 672 1295 729 et

175 767 344 851 Johannis
368 765 635 840 Herelordensis‚
659 765 721 828 Dei
743 764 855 849 gratia
877 764 1135 849 episcoporum,
1160 788 1295 833 necnon

175 871 392 936 dominorum
418 871 553 936 Ducum
578 868 786 953 Aquitaniae
808 873 842 932 et
867 867 1090 933 lancastriae
1115 891 1160 936 ac
1187 872 1292 937 Ebur.

175 984 210 1040 et
256 976 488 1041 Gloucestriae
533 996 574 1039 ac
619 974 794 1038 Comitum
839 972 994 1047 Derbeie,
1045 973 1294 1050 Rotelandiae,

176 1080 470 1165 Huntyngdoniae
489 1085 522 1142 et
543 1077 811 1142 Northumbriae
830 1076 1044 1161 aliorumque
1063 1077 1293 1146 dominorum

174 1184 403 1267 spiritualium
437 1191 471 1247 et
505 1182 758 1267 temporalium,
792 1202 833 1245 ac
864 1180 1054 1246 comitatus
1087 1182 1224 1249 ibidem
1259 1185 1294 1250 in

174 1287 397 1353 multitudine
420 1288 557 1372 copiosa
576 1285 782 1372 congregati,
803 1285 1090 1369 protestabantur
1112 1287 1236 1371 palam
1258 1296 1293 1353 et

174 1412 330 1475 expresse
355 1391 456 1474 juxta
481 1391 627 1455 formam
653 1389 836 1473 cujusdam
862 1388 1045 1454 schedulae
1070 1411 1184 1474 quam
1209 1392 1292 1458 fecit

173 1515 233 1578 per
248 1494 407 1560 clericum
427 1495 642 1579 parliamenti
663 1494 798 1579 publice
817 1494 901 1580 legi;
926 1500 1010 1559 tunc
1029 1494 1164 1560 ibidem
1182 1497 1292 1562 etiam

173 1599 273 1662 inseri
290 1600 391 1682 petiit
403 1620 482 1663 cum
495 1599 661 1663 instantia
673 1599 707 1663 in
720 1598 867 1663 recordis
879 1606 914 1662 et
927 1598 1048 1663 rotulis
1061 1599 1291 1683 parliamenti

173 1703 207 1767 in
232 1703 468 1769 testimonium
492 1703 658 1777 veritatis,
690 1702 789 1786 cujus
811 1702 952 1787 quidem
974 1701 1163 1769 schedulae
1188 1711 1292 1771 tenor

173 1808 329 1893 sequitur
346 1810 411 1873 sub
430 1809 495 1872 hac
514 1808 624 1872 forma
638 1826 691 1871 :-

680 1997 779 2065 v111.

296 2166 323 2224 A
340 2166 434 2224 letter
451 2165 532 2224 from
550 2164 604 2223 the
621 2163 807 2224 Chaucellor
823 2162 886 2223 and
902 2162 1073 2223 Treasurer
1089 2165 1123 2224 ol
1143 2166 1289 2229 Richard

216 2262 246 2320 ll
271 2269 304 2320 to
326 2268 384 2339 put
406 2262 450 2320 oli
471 2261 525 2321 the
547 2260 686 2337 meeting
706 2261 739 2319 ol
760 2280 779 2320 a
799 2259 1027 2320 Convocation.
1073 2260 1105 2319 lt
1125 2260 1208 2322 does
1230 2270 1288 2323 not

212 2378 330 2436 appear
350 2358 420 2418 that
440 2377 458 2417 a
476 2357 595 2417 similar
613 2356 694 2416 briei
715 2375 779 2416 was
800 2363 872 2415 sent
894 2363 928 2415 to
948 2354 1045 2414 York.
1089 2355 1169 2417 This
1188 2358 1287 2418 docu-

214 2461 302 2512 ment
316 2453 341 2512 is
355 2453 481 2531 printed
495 2454 578 2522 here,
593 2459 627 2512 to
639 2452 727 2513 show
739 2452 826 2512 what
840 2470 959 2530 powers
972 2471 1048 2511 over
1060 2451 1286 2515 Convocation

214 2549 268 2608 the
285 2548 396 2607 Crown
414 2548 547 2607 claimed
566 2548 630 2607 and
648 2547 816 2607 exercised.

254 2695 345 2769 [Reg.
363 2693 555 2770 Courtenay.
573 2694 724 2764 Cantuan
744 2694 764 2752 l.
781 2696 831 2763 82,
850 2711 868 2768 3
886 2694 972 2761 Fen,
992 2694 1094 2770 1384}

177 2946 391 3010 Thesaurarii
403 2948 429 3010 il
438 2946 544 3029 agliae
597 2946 691 3011 Nous
722 2968 809 3011 vous
840 2945 977 3010 saluons
1004 2953 1137 3010 sovent.
1190 2948 1283 3012 Vous

218 3052 336 3115 directa
354 3057 413 3135 pro
430 3052 514 3114 dictu
598 3051 749 3114 lessaunt
768 3073 787 3114 a
804 3049 965 3113 entendre
982 3071 1048 3134 que
1065 3050 1282 3134 l’endemeyn

221 3155 457 3220 Convocalione
474 3156 510 3218 in
597 3153 639 3217 de
663 3154 696 3217 la
719 3154 940 3218 Purificacion
961 3161 1058 3218 notre
1077 3154 1179 3218 dame
1196 3176 1282 3220 nous

198 3265 357 3342 suspenso
373 3259 534 3342 portenda.
598 3278 771 3322 recevoms
807 3279 852 3321 un
888 3257 974 3320 breil
1008 3257 1050 3321 de
1083 3263 1182 3322 notre
1214 3266 1283 3322 tres

173 3364 314 3427 redoute
342 3364 497 3446 seigneur
525 3363 554 3425 le
583 3361 659 3437 Rei,
689 3383 751 3446 par
776 3362 900 3446 lequiel
929 3361 950 3423 il
979 3383 1065 3426 nous
1097 3361 1215 3446 adprie
1247 3370 1281 3426 et

172 3468 363 3531 comaunde
388 3468 429 3531 de
456 3468 537 3531 laire
563 3488 628 3530 une
654 3467 787 3530 novelle
813 3467 1043 3530 convocacion
1068 3467 1127 3530 des
1152 3468 1282 3550 prelatz

172 3578 207 3633 et
224 3570 253 3633 le
274 3571 393 3655 clergie
410 3571 452 3635 de
474 3579 572 3635 notre
593 3571 765 3654 province,
783 3578 923 3654 entrecy
940 3578 973 3634 et
996 3571 1028 3634 la
1048 3572 1219 3656 dymange
1239 3592 1281 3636 en

172 3675 294 3756 demye
320 3695 508 3757 quaresmc.
555 3677 673 3740 Dount
701 3695 844 3738 mesmes
871 3676 917 3738 les
944 3676 1074 3758 prelata
1100 3683 1133 3739 et
1160 3675 1282 3759 clergie

172 3778 369 3861 pourroient
409 3779 681 3842 resonablement
721 3779 921 3853 marveiller‚
959 3787 1095 3845 coment
1130 3800 1197 3864 que
1238 3779 1279 3843 ils

171 3881 317 3945 estoient
336 3881 363 3944 si
384 3882 461 3945 tard
481 3881 671 3946 ensemblez
691 3904 731 3945 en
752 3882 781 3945 le
802 3889 914 3966 temps
933 3883 987 3946 del
1012 3883 1145 3947 darrein
1170 3883 1281 3966 parle-

172 3991 277 4059 ment,
296 3992 330 4048 et
350 3985 416 4048 lors
434 3985 472 4048 ils
489 3985 720 4049 s’aiiorcerent
738 3987 779 4050 de
796 3988 972 4070 grauntier
988 4008 1075 4071 pour
1091 3989 1123 4051 la
1141 3988 1280 4051 defense

171 4091 212 4154 de
242 4090 374 4153 Rialme
402 4097 436 4153 et
464 4091 571 4153 seinte
602 4090 702 4174 eglise
733 4099 866 4174 quaunt
899 4092 988 4175 quils
1024 4093 1151 4174 poient‚
1185 4100 1220 4156 et
1253 4093 1281 4156 si

172 4200 314 4268 avaunt‚
338 4215 404 4277 que
427 4195 454 4257 si
479 4202 555 4258 tout
580 4194 612 4257 la
635 4215 766 4259 summe
789 4203 953 4279 grauntee
978 4216 1040 4280 por
1061 4196 1093 4260 la
1115 4197 1215 4279 viage
1239 4198 1282 4262 de

172 4307 270 4363 notre
294 4299 344 4362 dit
372 4299 527 4383 seigneur
549 4300 648 4362 sereit
677 4299 769 4362 levee
794 4299 890 4363 deins
914 4307 984 4362 cest
1009 4320 1063 4367 an.
1089 4319 1125 4360 as
1150 4306 1278 4366 termes

172 4404 341 4488 assignees
364 4425 384 4467 a
406 4404 483 4487 pein
508 4404 537 4467 le
564 4403 726 4488 busoigne
750 4425 784 4467 se
810 4404 897 4467 lerra
922 4424 1027 4466 sauna
1054 4407 1120 4464 tres
1143 4405 1280 4483 graund

183 2844 291 2906 Litora
308 2841 497 2906 caracellarii
516 2848 543 2905 ct
562 2868 578 3110 g
650 2843 864 2906 Honorablez
880 2843 960 2906 sires
976 2849 1010 2906 et
1026 2842 1156 2906 stables
1173 2865 1282 2927 amys.
