2918 5010
483 375 687 442 Nonrnrnx
720 376 990 443 Convocxrrox.
1243 391 1286 456 43

179 566 254 633 sive
283 568 602 653 pronunciationem
631 570 838 635 audiendam
865 570 899 634 in
924 569 1062 655 negotio
1087 567 1286 642 antedicto:

179 676 216 737 et
237 670 305 736 toti
325 671 415 736 clero
435 673 563 739 ibidem
584 674 756 751 existenti,
779 675 916 740 eosdem
937 674 1029 739 diem
1050 679 1085 738 et
1107 673 1221 738 locum
1242 671 1287 738 ad

178 774 451 844 interessendum
469 778 676 862 judicialiter
694 779 909 865 assignando.

203 955 287 1021 Acta
348 966 359 1075 1
469 958 545 1042 Quo
561 958 615 1022 die
640 959 768 1034 Lunae,
785 960 911 1024 scilicet
936 959 1059 1043 quinto
1082 958 1137 1024 die
1157 957 1286 1025 mensis

178 1060 312 1145 septimi
359 1063 464 1145 ·]ulii
489 1084 580 1127 anno
603 1063 812 1147 supradicte,
829 1085 945 1129 coram
965 1063 1122 1148 praelato
1145 1062 1286 1128 domino

211 1164 289 1231 diei.
346 1096 359 1215 l
382 1166 636 1250 archiepiscopo
653 1167 688 1231 in
713 1168 865 1252 capitulo
887 1168 1046 1232 ecclesiae
1070 1168 1171 1232 Ebor.
1190 1187 1285 1252 prae·

177 1269 272 1335 dicto
294 1292 356 1356 pro
377 1269 539 1336 tribunali
556 1269 706 1343 sedente,
723 1271 886 1354 praelatis
901 1271 1049 1337 dominis
1062 1271 1284 1337 Dunelmensi

177 1382 213 1439 et
229 1376 402 1441 candidae
424 1376 530 1440 Casae
552 1375 728 1459 episcopis,
747 1396 787 1439 ac
804 1375 877 1440 aliis
896 1376 1058 1461 praelatis
1078 1383 1112 1441 et
1137 1376 1284 1442 Sanctae

176 1479 380 1565 Theologiae
412 1480 621 1554 doctoribus,
653 1486 688 1544 et
719 1479 804 1562 juris
836 1481 991 1545 canonici
1026 1480 1283 1564 professoribus,

176 1590 212 1648 et
265 1584 338 1649 aliis
389 1585 517 1649 clericis
569 1592 603 1648 et
652 1585 931 1669 procuratoribus
972 1584 1179 1669 supradictis
1219 1585 1284 1650 sibi

176 1689 417 1764 assidentibus,
466 1690 649 1772 propositis
690 1697 725 1754 et
767 1689 930 1753 exhibitis
971 1689 1006 1754 in
1047 1688 1183 1773 scriptis
1225 1709 1285 1773 per

176 1793 346 1877 quasdam
369 1801 480 1858 certas
503 1814 665 1877 personas
686 1794 841 1877 superius
866 1793 1052 1877 deputatas
1075 1793 1284 1879 quibusdam

178 1898 370 1963 rationibus
382 1907 416 1962 et
430 1898 579 1972 motivis,
594 1905 628 1962 et
641 1899 689 1962 eis
702 1898 830 1963 auditis
842 1904 877 1988 et
890 1898 1081 1973 intellectis
1095 1897 1284 1983 habitaque

176 2002 411 2086 disputatione
458 2010 491 2066 et
547 2003 756 2067 discussione
801 2023 902 2087 super
946 2001 1096 2077 eisdem;
1144 2008 1285 2086 propter

176 2107 384 2172 variationes
418 2108 601 2181 rationum,
637 2115 671 2171 et
706 2107 941 2172 dubitationes
974 2126 1035 2190 per
1067 2104 1284 2191 supradictas

176 2231 348 2295 personas,
387 2219 424 2275 ut
461 2210 679 2295 praedicitur,
712 2212 899 2295 deputatas
929 2211 964 2276 in
999 2210 1093 2277 dicto
1129 2210 1282 2288 concilio,

176 2316 430 2399 propositarum
458 2323 492 2379 et
521 2316 764 2392 exhibitarum,
796 2316 885 2381 idem
915 2315 1075 2382 dominus
1102 2315 1283 2401 archiepis·

176 2440 282 2503 copus
309 2420 351 2484 de
378 2420 551 2484 communi
579 2441 746 2486 consensu
775 2421 930 2487 omnium
957 2421 991 2486 in
1019 2420 1113 2485 dicto
1140 2419 1283 2485 concilio

176 2524 398 2589 existentium
418 2525 600 2609 deputavit
625 2531 736 2589 certas
760 2545 934 2609 personas,
954 2544 1070 2590 sacrae
1091 2524 1283 2611 theologiae

175 2627 341 2703 doctores,
376 2629 460 2712 juris
492 2629 646 2694 canonici
681 2629 897 2713 professores,
932 2635 967 2693 et
1001 2629 1086 2695 alias
1117 2628 1283 2695 discretas

175 2752 346 2816 personas,
374 2733 419 2797 ad
445 2733 645 2798 relationem
671 2754 807 2798 summo
834 2733 989 2817 pontifici
1016 2733 1219 2809 faciendam,
1246 2740 1282 2799 et

175 2836 401 2902 ordinandam
427 2838 460 2902 in
486 2837 623 2922 negotio
648 2837 835 2913 antedicta
863 2844 897 2903 et
922 2837 1033 2922 ipsam
1058 2838 1112 2902 die
1137 2836 1282 2903 Sabbati

174 2941 328 3025 proxime
338 2948 501 3026 sequente
514 2942 546 3005 in
558 2941 710 3025 capitulo
723 2942 826 3007 Ebor.
839 2942 1014 3026 praedicto
1025 2941 1280 3026 publicandam.

174 3045 229 3110 Ad
250 3068 355 3131 quam
378 3046 578 3111 relationem
601 3046 821 3122 audiendam,
846 3046 935 3111 idem
958 3046 1161 3111 venerabilis
1183 3053 1282 3130 pater

174 3151 357 3233 praedictis
372 3149 572 3233 Templariis
589 3158 672 3215 tunc
692 3150 918 3234 personaliter
937 3150 1063 3215 ibidem
1083 3151 1281 3217 constitutis

174 3253 305 3320 dictum
317 3255 407 3319 diem
419 3261 453 3318 et
467 3254 578 3319 locum
590 3253 750 3338 praefixit
766 3275 773 3330 ;
798 3262 833 3318 et
847 3254 891 3319 ad
903 3254 1097 3330 dicendum,
1109 3260 1281 3338 quantum

171 3357 257 3442 juris
284 3359 372 3424 ratio
400 3359 625 3442 permitteret,
654 3364 776 3423 contra
804 3358 959 3435 eandem,
987 3358 1015 3422 si
1038 3356 1221 3434 voluerint,
1244 3365 1280 3424 et

173 3462 321 3528 viderint
351 3463 532 3546 expedire;
558 3462 705 3527 eundem
730 3463 868 3548 insuper
897 3462 988 3527 diem
1012 3469 1047 3528 et
1072 3461 1186 3528 locum
1215 3462 1281 3527 toti

171 3567 261 3631 clero
283 3566 328 3631 ad
349 3568 481 3632 dictum
503 3567 712 3651 provinciale
734 3567 916 3633 concilium
938 3573 1074 3643 vocat0,
1097 3573 1132 3631 et
1153 3566 1281 3633 ibidem

171 3671 344 3746 existenti,
369 3670 413 3735 ad
436 3671 707 3737 interessendum
735 3691 795 3755 per
822 3692 858 3736 se
884 3671 939 3737 vel
962 3691 1023 3756 per
1043 3677 1281 3757 procuratores

173 3774 312 3840 idoneos
329 3775 536 3859 judicialiter
553 3775 770 3860 assignando

182 3943 265 4008 Acta
300 3981 307 3991 «
433 3942 510 4027 Quo
531 3942 586 4007 die
608 3943 763 4019 Sabbati,
781 3942 909 4008 scilicet
930 3943 1064 4009 decimo
1086 3943 1141 4009 die
1156 3944 1282 4010 mensis

172 4047 275 4113 octavi
306 3994 321 4109 l.
352 4048 434 4132 Julii
487 4048 674 4133 praedicto,
722 4048 928 4114 adveniente
971 4068 1087 4113 coram
1134 4048 1282 4114 discreto

182 4152 259 4217 diei.
301 4115 313 4233 Ι
350 4152 424 4216 viro
460 4150 625 4236 magistro
659 4151 811 4217 Roberto
837 4152 880 4218 de
904 4151 1093 4237 Pickering,
1118 4152 1282 4217 canonico

174 4257 333 4323 eeclesiae
361 4255 453 4321 beati
480 4255 573 4320 Petri
603 4256 706 4322 Ebor.
733 4256 880 4343 praelati
907 4256 1037 4323 domini
1057 4256 1282 4321 Eboracensis

175 4362 417 4445 archiepiscopi
442 4361 486 4424 ad
511 4359 729 4445 infrascripta
751 4361 985 4427 commissario
1008 4359 1156 4444 speciali,
1179 4366 1281 4444 prout

174 4487 234 4551 per
254 4466 499 4551 inspectionem
519 4465 767 4530 commissionis
789 4487 882 4543 suae,
900 4473 984 4531 tunc
1003 4462 1130 4529 ibidem
1146 4463 1281 4550 publice
