2918 5010
480 390 684 456 Nonruenu
716 389 985 455 Convocnrrou.
1242 402 1284 468 47

175 583 447 648 interessendum
462 584 495 648 in
510 584 604 648 dicto
617 583 777 667 Capitulo
790 582 997 667 judicialiter
1009 582 1224 667 assignando
1240 581 1284 644 ad

175 688 398 752 tractandum
418 695 452 752 et
473 689 616 753 ulterius
637 688 832 752 iaciendum
853 688 885 752 in
907 687 1001 750 dicto
1020 686 1167 771 negotio,
1189 685 1282 771 quod

174 792 217 856 de
236 793 309 874 jure
328 793 431 856 luerit
450 793 656 857 faciendum.

220 971 303 1034 ‚Icta
464 973 541 1057 Quo
594 972 648 1036 die
701 971 861 1044 crastino
913 970 1071 1034 videlicet
1123 985 1181 1050 30⁰
1228 970 1282 1034 die

175 1075 342 1139 undecimi
354 1007 366 1119 i
400 1076 525 1139 mensis
542 1075 636 1158 Julii,
653 1075 817 1158 praelatis
837 1074 1070 1139 commissario
1086 1082 1120 1138 et
1142 1074 1231 1138 clero
1249 1075 1281 1139 in

219 1180 296 1245 diei.
357 1140 367 1254 i
400 1181 494 1245 dicto
539 1181 701 1264 capitulo
746 1186 785 1246 ut
831 1201 945 1264 supra,
994 1180 1281 1252 consedentibus:

174 1286 364 1370 habitoque
390 1292 544 1349 tractatu
571 1285 706 1349 diutino
738 1286 827 1349 inter
851 1285 988 1349 eosdem
1018 1304 1119 1367 super
1147 1284 1282 1349 ordina-

174 1391 268 1454 tione
308 1398 421 1454 status
461 1390 631 1454 dictorum
670 1389 952 1472 Templariorum,
992 1389 1081 1453 idem
1120 1389 1283 1473 magister

175 1494 624 1559 nonestusc0mmIssari11s
649 1495 690 1557 de
713 1494 886 1558 communi
908 1514 1074 1558 consensu
1091 1500 1125 1557 et
1142 1514 1281 1558 assensu

173 1600 327 1663 omnium
372 1606 453 1664 tunc
489 1599 522 1662 in
564 1599 657 1662 dicto
689 1598 832 1663 concilio
870 1598 1090 1662 existentium
1130 1598 1280 1663 decrevit

173 1703 347 1768 ordinavit
366 1711 400 1767 et
413 1703 664 1767 sententialiter
680 1703 931 1786 pronunciavit,
947 1703 1058 1767 dictos
1071 1703 1282 1787 Templarios

173 1808 324 1892 singulos
348 1808 391 1872 ad
416 1807 547 1891 singula
572 1808 705 1871 diversa
730 1807 937 1872 monasteria
959 1807 1153 1891 praedictae
1176 1809 1278 1873 Ebor.

173 1902 365 1976 dioeceseos
387 1912 456 1976 lore
477 1912 675 1985 mittendos,
696 1912 740 1976 ad
760 1912 931 1997 agendum
948 1912 1196 1995 poenitentiam
1220 1933 1281 1996 pro

174 2017 392 2100 praemissis;
453 2037 554 2100 super
597 2016 811 2080 ordinatione
856 2036 937 2079 vero
984 2022 1018 2080 et
1067 2016 1279 2099 injunctione

176 2122 408 2205 poenitentiae
453 2121 617 2205 praelatis
661 2120 862 2204 Templariis
906 2121 1133 2204 imponendae
1171 2122 1280 2186 voluit

173 2226 264 2290 idem
307 2226 570 2300 commissarius,
616 2232 655 2288 ut
695 2226 848 2298 asseruit,
886 2225 1115 2289 venerabilem
1146 2233 1280 2310 patrem

173 2330 352 2395 dominum
377 2329 596 2404 Willelmum,
622 2330 684 2393 Dei
716 2329 827 2413 gratia
859 2329 961 2394 Ebor.
988 2329 1280 2414 archiepiscopum

173 2434 315 2518 Angliae
331 2436 524 2518 primatem,
542 2435 575 2498 in
597 2434 671 2517 ipso
686 2433 834 2518 negotio,
851 2454 1014 2498 unacum
1030 2434 1131 2498 certis
1145 2435 1281 2520 collegis

172 2539 252 2613 suis,
280 2540 521 2624 Inquisitorem
546 2539 738 2621 specialiter
761 2538 969 2621 deputatum
993 2540 1177 2617 consulere,
1204 2547 1280 2606 toto

172 2643 266 2706 dicto
286 2643 429 2707 concilio
451 2643 650 2727 provinciali
672 2642 716 2706 ad
738 2643 801 2706 hoc
822 2662 1025 2706 consensum
1047 2651 1081 2708 et
1103 2664 1279 2710 assensum

171 2748 364 2812 exhibente.
412 2748 544 2832 Quibus
555 2748 601 2811 sic
614 2746 723 2820 iactis,
739 2746 828 2810 idem
845 2746 1037 2821 concilium,
1051 2749 1167 2833 quoad
1184 2757 1277 2826 tunc,

172 2852 302 2915 dimisit
321 2852 392 2915 sine
411 2852 475 2916 die.

666 3054 799 3119 XVIII.

294 3196 358 3254 xiv.
402 3195 478 3253 'l'bis
501 3195 672 3254 document
698 3195 722 3253 is
747 3195 890 3254 followed
915 3195 957 3270 by
978 3214 1075 3273 many
1090 3196 1280 3257 documents

212 3291 315 3350 issucd
331 3291 373 3368 by
388 3291 526 3350 William
541 3291 574 3349 oi
588 3290 756 3368 PykerIng‚
774 3291 903 3364 bearing
916 3309 956 3348 on
974 3290 1027 3349 the
1041 3302 1279 3368 arrangement<

212 3387 259 3445 ior
284 3387 337 3446 tbe
361 3387 544 3445 settlement
570 3386 603 3444 oi
628 3386 681 3444 tbe
705 3386 870 3463 Templars
895 3386 925 3445 in
950 3386 1097 3445 different
1123 3389 1280 3448 monastic

209 3483 334 3544 houses.

171 3644 395 3708 Pumrcnrro
411 3644 645 3707 (nssnrrours
662 3659 812 3706 onorius
829 3642 1132 3709 Teumamomm.

251 3784 344 3863 [Reg.
361 3783 541 3847 Greneield.
560 3784 580 3844 I.
600 3782 658 3843 186
668 3784 710 3859 a].

258 3956 469 4032 Willielmus‚
500 3958 559 4020 &e
593 3955 718 4019 dilecto
755 3954 824 4018 tilio
860 3955 994 4021 officiali
1027 3965 1145 4023 nostro
1175 3960 1277 4026 Ebor.

170 4060 330 4134 salutem,
355 4062 513 4146 gratiam,
539 4067 572 4124 et
602 4059 885 4124 benedictionem.
934 4059 1052 4144 Nuper
1079 4063 1112 4127 in
1138 4064 1281 4128 concilio

169 4165 329 4249 generali,
361 4166 415 4228 cui
448 4165 677 4237 interfuimus
711 4163 886 4247 Vyenniae
918 4165 1153 4232 sanctissimus
1184 4175 1283 4252 pater

170 4268 330 4332 dominus
368 4269 537 4332 Dominus
574 4268 730 4332 Clemens
769 4268 886 4332 divina
932 4270 1148 4353 providentia
1187 4272 1281 4357 Papa

169 4373 323 4457 quintus,
351 4393 412 4457 per
437 4373 530 4436 viam
558 4372 764 4456 provisionis
790 4393 849 4438 seu
876 4373 1101 4440 ordinationis
1127 4378 1280 4442 ordinem

168 4476 311 4543 militiae
330 4477 474 4561 Templi,
495 4477 669 4564 ipsiusque
688 4476 816 4541 ordinis
839 4483 972 4543 statum
996 4478 1155 4545 habitum
1174 4490 1280 4567 atque
