2918 5010
423 352 627 417 Nonrurnu
654 352 925 419 Convocnnorr.
1172 371 1232 418 121

209 548 283 612 Rex
316 546 501 610 venerabili
534 547 567 609 in
600 545 736 609 Christo
771 546 861 629 patri
896 546 936 610 R.
970 545 1090 609 eadem
1122 546 1234 630 gratia

120 651 375 736 archiepiscopo
390 651 504 725 Ebot„
518 651 659 734 Angliae
670 649 821 732 primati,
833 649 990 714 salutem.
1028 649 1114 714 Cum
1126 667 1235 734 nuper

120 778 182 843 pro
216 757 429 840 sumptuosis
463 762 497 819 et
534 754 708 818 immensis
743 754 914 828 oneribus,
950 776 1039 838 quae
1075 776 1136 820 uos
1171 775 1233 838 pro

119 862 316 927 defensione
355 867 389 924 et
427 860 619 924 salvatione
658 859 751 942 regni
790 860 908 932 nostri,
949 880 988 922 ac
1027 859 1232 924 marciarum

119 966 285 1051 ejusdem,
330 985 461 1029 necnon
505 963 665 1027 ecclesiae
708 970 849 1027 sanctae
893 964 1002 1027 lacere
1045 971 1230 1047 oporteret,

118 1070 306 1136 subeundis
344 1075 378 1132 et
416 1069 672 1152 supportandis
712 1068 897 1132 venerabili
936 1068 1026 1151 patri
1067 1069 1231 1144 Roberto,

119 1196 229 1260 nuper
257 1174 522 1257 Archiepiscopo
550 1173 613 1237 loci
642 1173 809 1257 praedicti
838 1173 989 1258 rogando
1017 1174 1233 1239 mandaveri-

118 1301 206 1356 muS,
239 1285 412 1365 quatenus
448 1277 682 1362 suffraganeos
718 1299 809 1351 suos,
842 1277 999 1353 decanos,
1033 1284 1067 1343 et
1105 1279 1233 1363 priores

117 1385 336 1450 ecclesiarum
367 1382 628 1458 cathedralium,
660 1383 816 1458 abbates
848 1389 882 1446 et
913 1383 1051 1467 priores
1082 1391 1117 1448 et
1148 1384 1232 1449 alios

117 1490 291 1564 electivos,
329 1495 509 1571 exemptos
546 1494 580 1550 et
617 1507 687 1551 non
726 1493 916 1570 exemptos
954 1508 1087 1552 necnon
1124 1489 1232 1553 archi-

117 1594 291 1668 diaconos,
323 1593 486 1676 capitula,
532 1597 735 1664 conventus,
781 1596 815 1654 et
855 1591 1006 1676 collegia,
1049 1598 1232 1678 totumque

117 1700 246 1764 clerum
268 1697 452 1781 cujuslibet
480 1696 672 1760 dioeceseos
696 1715 777 1758 suae
797 1696 994 1778 provinciae
1010 1695 1055 1760 ad
1078 1717 1233 1781 compar-

117 1803 245 1868 endum
255 1824 371 1868 coram
382 1823 422 1866 eo
432 1803 467 1865 in
479 1801 619 1865 ecclesia
631 1800 820 1864 cathedrali
835 1800 926 1864 beati
943 1800 1034 1864 Petri
1048 1801 1163 1875 libor„
1178 1802 1232 1866 vel

117 1909 198 1974 alibi
239 1914 342 1991 prout
383 1906 545 1990 expedire
586 1904 729 1977 videret,
772 1904 815 1968 ad
856 1910 988 1968 certum
1029 1903 1119 1968 diem
1160 1905 1232 1988 jam

119 2012 345 2098 praeteritum
367 2009 548 2075 convocari
573 2009 722 2082 laceret;
760 2015 793 2072 et
817 2009 907 2091 ipsos
928 2007 963 2072 in
984 2008 1049 2072 hac
1071 2015 1168 2092 parte
1190 2031 1231 2074 ex

118 2139 222 2183 causa
240 2117 428 2202 praedicta,
448 2115 492 2179 ad
511 2113 704 2179 subsidium
722 2119 921 2197 competens
939 2118 973 2177 et
993 2113 1231 2186 necessarium.

120 2223 153 2287 in
171 2223 470 2306 supportationem
490 2219 662 2283 dictorum
682 2238 835 2292 onerum,
857 2218 956 2282 nobis
975 2218 1233 2283 concedendum

119 2346 159 2390 eo
180 2325 360 2410 specialius
387 2331 421 2388 et
448 2323 629 2397 efficacius
659 2344 729 2406 quo
754 2323 862 2407 magis
887 2323 988 2387 sciret
1016 2329 1077 2387 aut
1105 2330 1232 2407 posset,

118 2431 250 2496 solicite
281 2431 480 2503 induceret;
518 2435 552 2492 et
581 2435 697 2512 partes
723 2448 803 2491 suas
830 2426 875 2491 ad
903 2427 966 2490 hoc
993 2426 1174 2512 diligenter
1200 2434 1234 2493 et

118 2535 349 2599 effectualiter
372 2541 583 2618 apponeret;
622 2540 656 2596 et
681 2552 742 2596 nos
767 2531 801 2594 in
825 2531 1027 2596 cancellaria
1051 2537 1169 2596 nostra
1192 2531 1235 2596 de

117 2640 317 2723 quantitate
331 2638 472 2702 subsidii
488 2639 587 2711 illius,
604 2644 638 2701 et
653 2638 696 2701 de
712 2635 858 2700 termino
872 2634 1052 2700 solutionis
1066 2635 1231 2719 ejusdem,

118 2744 182 2807 sub
203 2742 314 2827 sigillo
336 2762 398 2805 suo
420 2741 633 2805 certificaret.
684 2742 728 2804 Et
751 2740 833 2824 quia
856 2741 954 2806 uobis
976 2741 1009 2805 in
1031 2741 1234 2806 cancellaria

118 2856 236 2911 nostra
283 2845 471 2931 praedicta,
519 2851 635 2909 utrum
679 2846 769 2909 idem
809 2865 919 2928 nuper
959 2845 1234 2930 archiepiscopus

119 2951 314 3035 hujusmodi
338 2951 623 3016 convocationem
644 2956 828 3033 praetextu
849 2955 988 3034 rogatus
1009 2951 1115 3014 nostri
1137 2971 1233 3034 prae·

117 3056 201 3120 dicti
227 3057 352 3120 lecerat
378 3076 493 3130 necne,
520 3054 674 3119 nondum
699 3061 751 3118 est
776 3053 1027 3129 certificatum
1072 3054 1170 3118 vobis
1199 3055 1233 3119 in

117 3160 183 3224 fide
207 3167 240 3224 et
265 3160 457 3234 dilectione,
471 3160 598 3244 quibus
614 3159 713 3223 nobis
731 3158 905 3233 tenemini,
921 3157 1074 3242 rogando
1090 3158 1233 3223 manda·

118 3286 203 3339 muS,
243 3264 334 3348 quod
372 3265 399 3328 si
435 3264 528 3328 dicta
565 3264 770 3328 convocatio
806 3264 841 3328 in
873 3264 948 3328 vita
985 3263 1091 3347 ipsius
1124 3283 1234 3348 nuper

117 3367 361 3453 archiepiscopi
387 3373 479 3432 lacta
506 3369 618 3442 luerit,
645 3376 683 3433 ut
709 3375 761 3433 est
785 3368 899 3444 moris,
933 3373 1017 3433 tunc
1048 3388 1110 3432 nos
1142 3368 1231 3444 inde,

117 3494 156 3537 ac
175 3473 218 3537 de
237 3473 437 3558 quantitate
459 3473 602 3538 subsidii
626 3474 725 3538 nobis
747 3475 781 3537 in
804 3472 1054 3537 convocatione
1077 3473 1134 3538 illa
1153 3495 1233 3539 con-

117 3577 210 3653 cessi,
224 3577 251 3641 si
268 3578 362 3662 quod
376 3578 489 3653 luerit,
509 3584 542 3641 et
564 3576 606 3640 de
628 3580 774 3641 termino
791 3577 971 3641 solutionis
988 3577 1154 3661 ejusdem,
1168 3580 1233 3643 sub

117 3682 224 3767 sigillo
244 3688 360 3746 vestro
381 3683 532 3747 reddatis
555 3683 738 3755 certiores;
769 3688 803 3745 et
828 3681 854 3745 si
879 3682 966 3745 lorte
989 3683 1082 3747 nulla
1107 3704 1233 3749 convo-

117 3787 207 3850 catio
229 3786 273 3850 ad
298 3787 430 3852 dictum
453 3794 611 3873 rogatum
635 3792 791 3850 nostrum
819 3792 902 3851 tunc
929 3787 1022 3851 lacta
1048 3788 1231 3858 extitisset.

118 3899 199 3956 tunc
231 3893 424 3975 praemissis
455 3892 570 3956 debite
606 3891 737 3956 intuitu
773 3891 919 3955 attentis
955 3898 988 3954 et
1020 3892 1231 3975 ponderatis

117 3997 349 4081 suffraganeos
385 4003 528 4070 vestros
567 3996 726 4069 decanos,
768 4000 802 4057 et
844 3993 973 4077 priores
1012 3995 1231 4062 ecclesiarum

117 4099 384 4173 Cathedralium,
411 4100 565 4173 abbates,
591 4106 634 4165 et
651 4098 779 4182 priores
804 4103 838 4160 et
864 4096 948 4162 alios
973 4097 1147 4174 electivos
1172 4122 1230 4165 ex·

116 4211 251 4288 emptos
268 4212 301 4268 et
327 4225 394 4268 non
412 4210 601 4286 exemptos
623 4222 756 4267 necnon
780 4200 1049 4276 archidiaconos,
1067 4203 1231 4286 capitula,

115 4315 318 4383 conventus
364 4316 397 4372 et
443 4306 594 4392 collegia,
640 4311 824 4389 totumque
872 4306 1001 4371 clerum
1049 4306 1233 4389 cujuslibet

116 4411 307 4478 dioeceseos
318 4417 452 4476 vestrae
464 4411 660 4502 provinciae
671 4411 715 4476 ad
725 4412 997 4496 comparendum
1009 4432 1126 4479 coram
1135 4414 1235 4480 vobis
