2918 5010
479 90 683 156 Nonrxsnn
718 91 989 159 Convocarrori.
1248 111 1290 176 77

177 286 385 370 captandum
419 285 525 368 ipsius
560 285 837 349 benevolentiam
871 286 1057 370 maritagia
1090 287 1149 350 filii
1183 290 1290 352 nostri

177 391 389 476 primogeniti
438 389 624 470 lEdwardil
673 410 763 453 nunc
808 390 905 454 ducis
949 390 1140 455 Comubiae
1177 391 1289 455 clarae

176 495 356 560 memoriae
378 494 548 577 Johannis
569 494 706 557 comitis
727 494 920 558 Comubiae
942 495 1056 559 fratris
1075 497 1184 560 nostri
1205 502 1288 560 tunc

176 600 323 664 viventis
354 605 388 662 et
418 599 544 662 sororis
575 607 714 661 nostrae
745 599 965 663 charissimae
994 599 1066 683 jam
1096 601 1290 664 comitissae

145 768 151 774 ,
176 703 272 768 Gerl*
284 703 465 789 pecuniam
479 703 584 767 etiam
597 722 659 785 pro
672 723 734 767 suo
746 703 845 766 libito
857 710 891 766 et
905 704 969 767 alia
981 724 1070 787 quae
1082 705 1115 769 in
1127 704 1288 769 schedula

175 808 223 872 his
242 809 373 873 inclusa
392 807 525 891 plenius
544 813 782 881 annotantnr;
809 807 880 889 ipse
904 814 1020 872 tamen
1050 809 1101 871 bis
1129 808 1289 873 omnibus

174 912 356 986 obauditis,
384 911 586 975 machinans
609 931 671 973 nos
699 918 733 973 et
761 917 896 975 nostras
922 912 1062 977 omnino
1087 912 1287 996 deprimere,

174 1024 211 1082 ut
240 1023 409 1100 usurpata
438 1036 541 1098 super
569 1036 632 1078 nos
661 1015 769 1097 possit
800 1016 944 1079 retinere
972 1017 1121 1092 liberius,
1151 1025 1185 1081 et
1225 1017 1288 1080 sibi

175 1122 305 1186 facilius
325 1120 500 1184 attrahere
522 1119 694 1183 residuum
716 1120 810 1202 quod
832 1120 1017 1194 habemus:
1052 1133 1168 1186 r'novet
1191 1122 1289 1186 nobis

173 1246 330 1311 guerram
355 1224 577 1288 fortissimam
603 1230 674 1286 tam
704 1224 737 1287 in
761 1230 851 1287 terra
871 1245 977 1309 quam
998 1225 1031 1289 in
1053 1227 1150 1301 mari,
1172 1227 1291 1291 nolens

174 1350 233 1395 nec
253 1330 329 1414 paci
348 1350 409 1393 nec
428 1329 522 1411 pacis
541 1329 706 1391 tractatui
725 1330 917 1393 consentire
934 1350 939 1403 ;
966 1331 1215 1414 propterquod
1245 1331 1289 1395 ad

174 1434 427 1519 reprimendum
454 1434 559 1516 ipsius
585 1439 618 1495 et
646 1433 826 1496 Scotorum
848 1455 887 1497 ac
908 1434 1050 1498 aliorum
1073 1422 1287 1500 inimiconim

176 1546 369 1603 nostrorum
398 1536 567 1600 malitiam
594 1543 733 1619 oportet
760 1556 821 1618 pro
847 1537 1042 1602 defensione
1067 1538 1226 1603 ecclesiae
1252 1547 1287 1602 et

175 1650 341 1707 terrarum
361 1647 480 1704 nostro
499 1640 653 1723 regimini
673 1640 891 1706 subditarum
911 1663 972 1706 nos
991 1662 1163 1726 opponere
1181 1663 1286 1708 manu

175 1747 264 1821 forti,
287 1766 377 1829 quae
398 1745 539 1828 quidem
562 1744 715 1808 defensio
736 1752 875 1810 tantum
907 1747 1047 1830 requirit
1080 1747 1287 1830 profluvium

175 1870 400 1935 expensanim
449 1849 543 1932 quod
594 1849 665 1912 sine
715 1869 841 1932 magno
891 1850 1042 1914 fidelium
1090 1858 1286 1916 nostrorum

175 1954 343 2039 praesidio
375 1954 449 2017 illas
480 1974 546 2017 non
580 1974 762 2036 possumus
792 1961 1006 2038 supportare.
1055 1955 1286 2039 Quamobrem

175 2079 326 2124 amorem
358 2065 496 2143 gratum
530 2069 564 2121 et
598 2058 684 2121 bene
716 2058 933 2140 dispositum,
966 2079 1069 2143 quem
1102 2060 1146 2124 ad
1178 2062 1286 2126 nostri

175 2163 472 2228 conservationem
517 2162 654 2225 honoris
697 2169 730 2226 et
775 2163 1006 2227 defensionem
1050 2165 1210 2230 ecclesiae
1252 2174 1286 2230 et

175 2275 343 2333 terrarum
369 2266 624 2350 praedictamm
648 2267 852 2331 confidimus
876 2289 937 2332 vos
961 2269 1096 2343 habere,
1121 2290 1162 2334 ex
1186 2270 1287 2335 corde

175 2392 334 2457 rogamus
351 2379 524 2455 quatenus
543 2371 742 2454 ponderatis
760 2371 875 2435 debite
892 2372 1033 2456 quantis
1050 2374 1208 2458 periculis
1224 2395 1287 2440 nos

174 2484 207 2540 et
231 2477 341 2541 nostri
365 2475 495 2539 subditi
519 2475 752 2557 subjiciuntur
775 2476 807 2539 in
833 2476 897 2540 bac
922 2484 1029 2560 parte,
1055 2479 1228 2562 praelatos
1251 2486 1285 2544 et

174 2582 300 2645 clerum
341 2587 475 2643 vestrae
514 2580 718 2652 dioeceseos,
758 2588 830 2643 tam
863 2589 1042 2665 exemptos
1073 2604 1179 2667 quam
1216 2606 1285 2650 non

175 2692 364 2767 exemptos,
402 2684 494 2766 apud
532 2685 725 2747 Eboracum
758 2684 812 2747 die
844 2685 997 2750 Mercurii
1025 2689 1182 2771 proximo
1207 2699 1285 2773 post

176 2790 301 2853 festum
351 2788 556 2853 Nativitatis
603 2790 724 2851 beatae
772 2788 898 2852 Mariae
940 2791 1089 2874 Virginis
1131 2794 1285 2877 proxime

176 2895 331 2958 futurum
349 2894 450 2956 citius
466 2914 535 2976 quo
553 2892 711 2975 poteritis
727 2894 909 2957 convocari
927 2894 1087 2960 faciatis:
1115 2897 1163 2961 ita
1191 2898 1285 2982 quod

174 2998 331 3082 praelati,
359 2997 490 3070 decani,
519 2998 674 3069 abbates,
702 2997 841 3079 priores,
869 2997 1109 3074 archidiaconi,
1138 3008 1285 3066 rectores

174 3101 404 3175 ecclesiarum,
434 3108 468 3163 et
498 3101 553 3163 alii
584 3100 787 3171 beneficiati,
817 3121 903 3184 quos
931 3103 1090 3186 expedire
1118 3103 1283 3180 videritis,

174 3205 400 3290 personaliter
419 3211 501 3268 tunc
520 3210 743 3287 compareant
763 3224 877 3268 coram
898 3206 1006 3281 vobis,
1026 3227 1141 3272 coram
1159 3209 1286 3293 quibus

174 3310 307 3396 singula
332 3317 495 3373 contenta
523 3310 555 3372 in
583 3309 675 3372 dicta
702 3310 864 3373 schedula
889 3317 923 3374 et
949 3311 1015 3375 alia
1040 3333 1129 3396 quae
1154 3316 1284 3379 moneri

174 3421 337 3500 potemnt
368 3414 459 3477 clare
489 3420 523 3477 et
557 3413 691 3495 publice
724 3412 858 3478 faciatis
889 3417 1036 3500 exponi:
1080 3417 1286 3485 inducentes

174 3520 309 3584 eosdem
324 3526 361 3582 ut
374 3518 518 3602 quilibet
532 3518 565 3581 in
579 3517 834 3582 alleviationem
847 3539 1073 3602 expensamm
1085 3522 1284 3607 hujusmodi

173 3625 281 3695 nobis,
309 3630 409 3705 prout
437 3623 620 3686 facultates
645 3644 726 3686 suae
751 3625 977 3706 permiserint,
1004 3626 1108 3690 talem
1138 3630 1285 3694 subven-

174 3729 302 3793 tionem
337 3728 442 3790 faciat
476 3727 613 3810 <uirilem
650 3733 749 3790 tanta
783 3729 968 3793 necessitas
1000 3729 1072 3814 jam
1105 3734 1281 3817 exposcit:

175 3832 397 3896 rescribentes
419 3832 517 3894 nobis
539 3852 617 3895 cum
641 3832 734 3894 omni
756 3831 930 3897 celeritate
951 3834 1034 3918 quid
1057 3843 1090 3899 et
1113 3845 1284 3921 quantum

174 3957 237 4001 vos
268 3943 302 4000 et
335 3935 391 3998 alii
423 3934 545 4019 singuli
578 3935 677 3997 vobis
708 3936 877 4000 duxeritis
907 3938 1173 4004 concedendum.
1230 3942 1284 4008 Ad

247 4102 260 4130 ⁸
284 4101 339 4151 !.‹·.,
353 4100 496 4152 lileanora,
508 4100 609 4146 second
624 4099 762 4159 daughter
775 4099 805 4147 of
820 4101 937 4151 Etlwanl
955 4103 1006 4159 ΙΙΙ,
1022 4103 1083 4151 who
1094 4119 1149 4152 was
1165 4107 1283 4158 married

175 4187 205 4230 to
222 4179 355 4238 llegiuald
371 4177 408 4232 ll,
426 4178 488 4226 fian
503 4178 531 4225 0f
545 4178 720 4228 Gelilerlanrl.
