2918 5010
176 400 239 482 246
560 400 732 464 Recolens
756 415 801 463 or
825 414 895 462 rue

175 591 281 655 totius
307 591 384 656 cleri
413 589 577 675 praedicti
607 590 649 654 de
673 610 838 654 consensu
870 588 1022 671 ejusdem
1048 595 1294 675 praesentavit

176 695 404 760 venerabilem
447 694 557 759 virum
603 694 802 778 Magistrum
845 691 1026 778 Georgium
1071 695 1209 762 Palmes
1256 701 1294 765 in

177 799 427 883 prolocutorem
461 820 521 883 pro
555 799 618 862 hac
650 818 745 862 sacra
783 797 1035 862 convocatione
1067 799 1293 880 celebranda,

177 924 280 988 quem
308 904 436 968 domini
462 909 729 987 acceptaverunt
757 908 791 965 et
820 903 852 966 in
880 902 1131 985 prolocutorem
1161 907 1295 973 admis-

177 1015 287 1072 erunt.
334 1008 466 1092 Quibus
496 1008 543 1071 sic
572 1006 676 1092 gestis
705 1005 865 1090 Magister
890 1005 1065 1089 Johannes
1097 1008 1293 1088 Rookebie,

175 1111 433 1176 commissarius
494 1110 699 1186 antedictus
758 1109 800 1174 de
854 1131 1020 1175 consensu
1077 1113 1295 1200 collegarum

175 1236 314 1281 suorum
344 1216 540 1300 prorogavit
570 1214 770 1298 hujusmodi
796 1215 1084 1281 Convocationem
1115 1227 1223 1301 prout
1258 1223 1295 1288 in

175 1319 326 1404 quadam
370 1320 531 1384 schedula
572 1340 678 1404 quarn
720 1327 802 1384 tunc
840 1318 973 1403 publice
1006 1319 1152 1405 legebat,
1187 1325 1296 1410 cujus

176 1429 274 1488 tenor
295 1431 346 1488 est
371 1424 458 1498 talis,
483 1431 547 1488 etc.

649 1640 816 1705 LXXXI.

263 1784 410 1850 Nomina
432 1784 662 1869 praelatorum
685 1792 718 1848 et
740 1784 817 1848 cleri
840 1785 1034 1868 provinciae
1058 1786 1294 1857 Eboracensis

175 1891 448 1975 comparentium
489 1889 522 1954 in
563 1909 680 1954 eorum
723 1889 975 1953 Convocatione
1015 1891 1191 1974 praedicto
1233 1895 1292 1960 die

177 1995 289 2078 xxiiij⁰
317 1995 441 2059 mensis
469 1993 684 2068 Novembris,
715 2011 785 2057 ao.
818 2009 912 2075 1545,
945 1994 1104 2079 regnique
1136 1999 1290 2078 praelati

175 2099 376 2164 serenissimi
403 2099 436 2163 in
463 2098 597 2162 Christo
621 2097 783 2182 principis
819 2105 852 2161 et
889 2097 1017 2163 domini
1054 2100 1161 2164 nostri
1197 2105 1291 2187 regis

175 2203 333 2268 ecclesiae
351 2203 561 2289 Anglicanae
580 2210 613 2266 et
635 2202 843 2267 Hibemicae
862 2203 1016 2287 Supremi
1035 2203 1175 2288 capitis,
1194 2228 1291 2273 anno

174 2319 269 2392 37¹¹¹⁰‚
297 2308 330 2371 in
355 2307 458 2372 domo
481 2306 661 2391 capitulari
687 2307 775 2370 inlra
799 2307 973 2372 ecelesiam
999 2308 1289 2393 Metropoliticam

176 2412 424 2476 Eboracensem
440 2431 555 2475 coram
573 2410 669 2474 dicto
686 2411 965 2476 reverendissimo
981 2411 1119 2477 domino
1135 2413 1290 2480 Domino

175 2516 327 2580 Roberto
354 2514 573 2599 permissione
599 2513 717 2578 divina
742 2515 894 2581 Eborum
918 2517 1191 2601 Archiepiscopo,
1217 2528 1285 2586 etc.

174 2620 319 2704 primate
339 2626 372 2682 et
393 2617 663 2702 metropolitano
683 2620 889 2684 auctoritate
906 2622 1050 2705 praelati
1068 2622 1287 2689 illustrissimi

174 2724 207 2789 in
226 2723 360 2788 Christo
379 2721 553 2806 principis,
573 2730 638 2787 ete.

262 2875 430 2939 Dominus
446 2875 657 2938 Cuthbertus
677 2875 856 2955 [Tuustall]
877 2876 1077 2940 Dunelmiae
1093 2877 1286 2962 Episcopus

174 3001 233 3064 per
266 2980 468 3063 Magistrum
501 2978 730 3042 (futhbertum
765 2979 923 3043 Marshall
955 2981 1172 3044 exhibentem
1205 3003 1284 3065 pro·

173 3084 383 3148 curatorium
400 3084 432 3146 in
449 3083 586 3167 scriptis
601 3092 805 3167 conceptum
821 3105 882 3168 pro
897 3085 989 3147 dicto
1004 3085 1285 3151 reverendissimo

175 3198 282 3273 patre,
320 3195 353 3251 et
387 3188 466 3251 lecit
498 3209 532 3250 se
567 3200 700 3271 partem
735 3209 796 3272 pro
830 3189 959 3261 eodem,
994 3196 1070 3261 etc,
1105 3211 1144 3252 ac
1178 3190 1284 3256 etiam

170 3294 388 3357 exhibentem
408 3292 608 3377 originalem
622 3293 828 3356 mandatum
844 3313 990 3356 unacum
1005 3293 1284 3361 certificatorium

169 3398 278 3460 eidem
294 3397 481 3470 dimissum,
500 3404 534 3459 et
550 3397 755 3460 certificavit
772 3405 874 3480 prout
891 3398 924 3460 in
940 3398 1058 3461 eodem
1075 3399 1281 3465 continetur.

260 3551 426 3614 Dominus
456 3551 629 3615 Mobertus
661 3550 824 3630 lAldriehl
856 3550 1067 3614 Carliolensis
1092 3553 1282 3636 Episcopus

172 3675 231 3737 per
266 3653 465 3736 Magistrum
502 3655 688 3738 Hugonem
722 3653 838 3718 Sewell
871 3654 1088 3720 exhibentem
1122 3678 1281 3740 procura·

170 3758 306 3830 torium,
327 3765 390 3820 etc.

258 3907 424 3972 Dominus
445 3908 620 3990 Johannes
644 3911 749 3992 [Bird]
772 3911 957 3976 Cestrensis
979 3913 1176 3998 Episcopus.

256 4062 377 4125 Custos
398 4060 641 4143 jurisdictionis
663 4063 807 4129 Marinae
829 4086 896 4130 non
917 4075 1102 4151 comparet.

258 4217 415 4280 Decanus
447 4215 615 4279 Ecclesiae
647 4219 931 4303 metropolitanae
964 4222 1186 4287 Eboracensis
1219 4247 1279 4308 per

171 4323 369 4407 Magistrum
387 4321 580 4403 Johannem
595 4322 752 4388 Coltman
766 4324 984 4389 exhibentem
1005 4331 1278 4409 procuratorium

167 4436 202 4493 et
232 4428 412 4492 facientem
431 4447 465 4490 se
484 4434 748 4509 procuratorem,
769 4437 832 4494 etc.
