2918 5010
484 93 688 158 Noaraunn
714 93 984 160 Convocarron
1227 108 1288 176 175

179 286 377 352 scandalum
395 286 535 360 oriatur,
554 284 736 350 concilium
754 285 867 369 ipsum
884 285 1107 351 dissolutione
1124 286 1288 370 permissa

178 412 241 456 non
269 393 443 465 obstante,
472 391 506 454 in
534 390 677 454 civitate
707 390 852 453 Basiliae
880 391 1004 455 statuit
1033 390 1287 465 celebrandurn,

179 503 276 580 prout
314 515 376 580 per
410 495 543 579 copiam
581 495 725 558 aliarum
761 515 843 558 suae
879 495 1076 558 sanctitatis
1111 495 1288 559 literarum

179 621 276 685 super
303 602 368 664 hoc
396 599 565 663 editarum
594 599 693 663 nobis
719 606 879 682 patenter
904 600 1073 683 exposuit.
1122 599 1289 684 Quacirca

178 706 273 769 nobis
300 703 519 788 percipiendo
541 703 723 767 mandavit
746 709 918 786 quatenus
944 703 1032 767 infra
1059 709 1127 767 tres
1152 723 1288 767 menses

177 829 196 873 a
219 809 305 873 xvim
331 807 507 872 Kalendas
532 808 646 871 Martii
671 806 795 871 ultimo
822 807 893 891 jam
918 808 1034 892 elapso
1058 808 1289 873 numerandos

176 913 218 977 ad
230 913 363 978 dictum
377 912 565 976 Concilium
580 912 695 976 venire
715 912 780 985 vel,
801 912 1010 976 subsistente
1030 912 1288 997 impedimento

175 1019 317 1083 nuncios
366 1018 504 1082 mittere
557 1036 763 1080 curaremus
828 1015 997 1100 Quodque
1046 1017 1205 1081 omnibus
1253 1023 1288 1080 et

178 1123 320 1208 singulis
337 1122 517 1205 Episcopis
533 1129 567 1185 et
585 1120 759 1203 praelatis
777 1120 946 1203 exemptis
970 1126 1004 1184 et
1022 1141 1090 1184 non
1107 1120 1287 1205 exemptis,

175 1226 207 1290 in
235 1233 356 1291 nostra
381 1226 557 1309 provincia
583 1225 783 1290 constitutis
805 1225 864 1309 qui
886 1224 930 1289 ad
951 1224 1100 1290 Concilia
1119 1226 1290 1310 generalia

176 1337 336 1395 tenentur
385 1329 554 1402 accedere,
605 1334 643 1392 ut
692 1328 782 1392 inlra
830 1328 963 1418 dictum
1012 1331 1197 1395 terminum
1244 1330 1288 1395 ad

175 1436 369 1519 praelatum
390 1434 572 1498 concilium
594 1433 820 1516 personaliter
838 1433 1061 1498 convenirent
1081 1435 1289 1499 auctoritate

175 1560 233 1605 sua
276 1560 336 1622 per
377 1545 512 1601 nostras
553 1538 669 1600 literas
710 1535 974 1600 mandaremus:
1009 1544 1144 1615 vestrae
1185 1538 1289 1623 igitur

176 1643 384 1708 fraternitati
412 1643 620 1706 auctoritate
647 1640 823 1705 literarum
851 1640 1049 1724 hujusmodi
1073 1643 1172 1706 nobis
1195 1663 1287 1707 com·

175 1748 277 1812 missa
300 1746 507 1810 mandamus
528 1753 701 1829 quatenus
724 1745 811 1809 inira
834 1745 968 1810 dictum
991 1746 1096 1810 trium
1118 1747 1287 1812 mensium

176 1853 326 1936 spatium
357 1851 400 1914 ad
431 1850 625 1934 praefatum
656 1849 844 1914 Concilium
874 1850 1098 1932 personaliter
1126 1852 1285 1928 veniatis,

175 1957 201 2019 si
232 1977 335 2021 causa
368 1956 519 2039 legitima
551 1978 618 2020 non
651 1956 807 2019 obsistat.
856 1954 1017 2039 Alioquin
1048 1962 1286 2040 procuratores

176 2061 382 2125 sufficienter
412 2060 599 2125 instructos
631 2067 746 2123 vestro
776 2059 913 2123 nomine
945 2058 1023 2124 illuc
1052 2061 1286 2126 transmittere

176 2165 372 2229 nullatenus
391 2165 573 2229 omittatis.

263 2307 394 2370 Datum
426 2308 490 2370 sub
522 2307 631 2390 sigillo
662 2311 780 2370 nostro
811 2305 904 2389 apud
936 2305 1003 2390 Wy
1031 2306 1287 2372 Cantuariensis

174 2412 364 2476 dioeceseos
387 2413 473 2475 xvi¹⁰
494 2412 548 2476 die
570 2413 696 2476 mensis
717 2411 843 2495 Aprilis
866 2411 1065 2494 supradicto
1089 2428 1160 2477 nu.
1190 2431 1285 2494 1433,

174 2523 206 2579 et
226 2523 366 2580 nostrae
387 2517 624 2580 translationis
644 2537 735 2580 anno
755 2523 889 2580 octavo.

675 2694 779 2759 LXV.

174 2836 202 2900 A
225 2837 453 2901 Comussron
479 2854 575 2900 rnon
600 2837 736 2901 Brsnoe
760 2837 936 2901 Lanuini
959 2854 1004 2901 ro
1028 2854 1131 2903 niusa
1155 2856 1285 2905 nourr

260 2959 305 3004 ro
332 2959 402 3004 ear
429 2958 499 3004 rur
528 2941 715 3005 Pnocrons
741 2958 786 3004 or
812 2958 882 3005 rna
909 2941 1213 3007 Ancnuaacounv
1239 2962 1285 3008 or

261 3046 424 3109 Dununu
450 3063 487 3109 ru
514 3045 783 3110 Convoenrron.

188 3199 384 3263 Commissio
401 3200 444 3263 ad
465 3200 639 3263 leuandum
770 3200 931 3275 Thomas,
965 3208 1042 3277 etc,
1066 3201 1191 3267 dilecto
1216 3203 1285 3269 filio

202 3310 361 3388 expensas
378 3311 625 3387 procuratorum
659 3251 870 3423 lOfficiario
901 3305 1142 3371 Archidiaconi
1176 3310 1284 3373 nostri

177 3409 472 3473 archidiaconatus
497 3409 672 3473 Dunelms
698 3409 937 3474 Dunelmensis
950 3411 1108 3486 salutem,
1122 3419 1187 3477 etc.
1229 3413 1283 3479 Ad

206 3514 249 3577 ad
266 3513 547 3587 Convocationem,
564 3520 618 3578 etc.
658 3443 673 3591 l
697 3522 853 3579 nostrum
876 3536 985 3600 nuper
1004 3517 1162 3601 pervenit
1187 3518 1284 3583 audi-

173 3624 246 3681 tum
269 3617 363 3702 quod
386 3618 530 3701 praelati
554 3626 586 3681 et
610 3619 720 3682 curati
744 3619 869 3704 aliique
892 3620 1083 3685 beneficiati
1107 3621 1284 3688 Archidia-

171 3730 316 3786 conatus
334 3723 499 3806 praedicti
519 3743 686 3806 expensas
703 3730 965 3807 procuratorum
983 3726 1041 3809 qui
1060 3725 1105 3790 ad
1123 3727 1282 3793 ultimam

171 3828 455 3892 convocationem
500 3828 577 3891 cleri
621 3829 817 3911 provinciae
860 3830 963 3895 Ebor.
1000 3850 1042 3894 ex
1078 3838 1177 3915 parte
1204 3825 1283 3897 cleri

171 3930 277 3996 nostri
332 3931 485 4015 ejusdem
539 3931 848 3999 Archidiaconatus
901 3936 1037 4000 lucrant
1092 3937 1282 4001 transmissi

171 4037 397 4111 contribuere,
433 4057 492 4099 seu
528 4035 638 4099 eidem
676 4039 889 4121 procuratori
931 4039 974 4104 de
1016 4040 1174 4124 expensis
1213 4041 1283 4104 suis

170 4141 285 4205 debite
313 4140 520 4214 satisfacere,
551 4141 728 4228 hucusque
757 4163 825 4206 non
857 4149 1041 4208 curarunt:
1076 4143 1147 4209 Nos
1179 4143 1283 4232 igitur
