2918 5010
600 373 773 440 Reconos
804 392 849 440 or
875 392 946 441 rna

735 568 830 634 XVI.

227 683 560 749 cnnnncnonnn
578 686 754 749 Mnorsrm
770 685 960 750 Wrrrnrnr
978 704 1026 749 or,
1040 687 1190 751 Onunn.

316 801 518 866 Reverendo
558 803 592 866 in
633 801 768 866 Christo
808 804 910 886 patri,
952 809 1016 867 etc.
1064 802 1255 867 Willelmus
1294 802 1337 867 de

226 905 364 970 Okham
384 913 494 970 rector
513 908 671 971 ecclesiae
691 908 733 971 de
750 907 959 991 Langetone,
978 914 1113 972 vestrae
1132 907 1336 979 dioeceseos,

227 1009 476 1091 subjectionem
498 1017 532 1074 et
556 1011 788 1075 obedientiam
810 1033 889 1076 cum
913 1012 1121 1076 omnimodis
1143 1012 1336 1076 reverentia

226 1119 262 1176 et
299 1115 426 1178 honore
463 1114 589 1178 debitis
626 1122 726 1178 tanto
763 1117 864 1199 patri.
914 1117 1046 1180 Literas
1083 1122 1217 1179 vestras
1257 1115 1334 1180 Kal.

228 1217 341 1280 Martii
372 1218 494 1282 ultimo
526 1219 719 1302 praeteritis
747 1221 856 1302 recepi
888 1220 1036 1284 formam
1064 1241 1153 1305 quae
1180 1221 1337 1305 sequitur

227 1322 463 1387 continentes:
489 1322 678 1387 Willelmus
718 1324 938 1406 permissione
979 1325 1108 1398 divina,
1150 1332 1215 1389 etc.
1257 1346 1336 1389 cum
1406 1342 1410 1351 ’

226 1445 399 1490 sacrorum
412 1447 593 1500 canonum,
608 1433 671 1490 etc.
695 1480 700 1490 .
724 1479 730 1490 .
752 1448 859 1511 usque
874 1428 1001 1492 ibidem
1015 1431 1208 1493 convocari.
1248 1429 1336 1513 Quia

227 1531 332 1594 etiam
353 1531 539 1613 peritorum
559 1537 696 1595 nostrae
713 1532 905 1595 dioeceseos
925 1539 958 1596 et
980 1534 1177 1616 provinciae
1196 1533 1338 1596 consilio

228 1635 261 1700 in
286 1635 478 1718 praemissis
503 1642 575 1699 tam
599 1635 715 1699 arduis
738 1635 940 1719 indigemus,
965 1644 1081 1700 tenore
1105 1638 1337 1720 praesentium

228 1739 454 1822 peremptorie
474 1759 536 1801 vos
555 1740 712 1812 citamus,
733 1740 827 1823 quod
846 1740 898 1802 ix0
922 1741 999 1804 Kal.
1022 1741 1118 1823 Junii
1141 1741 1174 1804 in
1196 1741 1337 1805 ecclesia

225 1849 343 1907 nostra
388 1843 503 1918 Ebor,
549 1864 652 1927 quem
698 1844 789 1907 diem
834 1844 878 1907 ad
921 1843 1164 1908 celebrandum
1209 1845 1336 1909 ibidem

225 1954 382 2012 nostrum
398 1949 606 2031 provinciale
621 1948 802 2012 concilium
818 1948 979 2013 duximus
995 1949 1251 2032 assignandum,
1269 1956 1334 2013 etc.
1423 1951 1426 1958 “

225 2052 356 2117 Vestris
382 2052 485 2137 igitur
511 2053 684 2117 voluntati
712 2060 746 2115 et
773 2052 988 2135 beneplacito
1015 2053 1132 2116 volens
1158 2053 1336 2117 humiliter

227 2176 354 2240 parere,
380 2163 482 2239 prout
505 2165 632 2227 teneor,
655 2157 689 2220 in
712 2156 851 2220 ecclesia
875 2163 990 2220 vestra
1011 2158 1114 2221 Ebor.
1138 2177 1230 2220 nono
1254 2156 1332 2222 Kal.

227 2261 322 2344 Junii
354 2261 563 2343 supradicto,
596 2281 699 2343 quem
732 2260 822 2323 diem
855 2261 899 2324 ad
931 2261 1174 2325 celebrandum
1206 2262 1334 2326 ibidem

226 2373 381 2428 vestrum
416 2364 597 2428 concilium
633 2363 840 2446 provinciale
875 2385 955 2428 cum
997 2366 1257 2429 continuatione
1300 2371 1335 2430 et

227 2468 466 2551 prorogatione
499 2468 630 2531 dierum
664 2468 947 2551 subsequentium
983 2490 1091 2552 nuper
1123 2470 1334 2552 assignastis,

228 2572 450 2655 personaliter
471 2591 587 2635 coram
607 2572 715 2643 vobis,
733 2592 932 2655 quanquam
954 2594 1056 2636 onera
1079 2574 1334 2657 quamplurima

227 2676 308 2740 mibi
342 2677 473 2739 ratione
505 2675 706 2738 residentiae
743 2695 838 2738 meae
870 2677 902 2739 in
935 2676 1073 2740 ecclesia
1107 2678 1333 2742 Lincolniensi

227 2779 456 2843 diversimodo
497 2779 740 2850 incumbentia,
782 2800 802 2841 a
842 2780 934 2843 dicta
974 2781 1114 2845 ecclesia
1153 2783 1333 2845 commode
1364 2790 1377 2813 ·

226 2885 356 2967 absque
383 2884 478 2967 gravi
507 2882 685 2965 dispendio
713 2903 767 2945 me
797 2904 863 2946 non
892 2885 1010 2948 sinunt
1039 2886 1166 2958 abesse,
1196 2886 1269 2948 vita
1298 2892 1332 2949 et

226 2989 375 3053 sanitate
409 2988 602 3059 comitibus,
638 2987 778 3050 domino
811 2989 1030 3061 concedente,
1066 2989 1207 3053 intendo
1241 3010 1333 3053 com·

227 3112 366 3176 parere;
392 3090 545 3155 facturus
576 3091 609 3154 in
638 3091 731 3154 dicto
758 3093 901 3154 concilio
930 3092 1199 3177 impleturusque
1226 3095 1332 3178 quod,

226 3204 327 3281 prout
361 3197 442 3260 mihi
476 3196 634 3278 possibile
666 3196 740 3267 erit,
775 3197 807 3258 in
840 3198 1010 3269 omnibus,
1044 3197 1142 3278 juxta
1176 3198 1332 3262 mandati

226 3302 330 3365 vestri
362 3300 568 3385 exigentiam
597 3308 630 3361 et
660 3306 823 3373 tenorem,
850 3307 884 3362 et
910 3308 1108 3382 recepturus
1132 3303 1226 3384 quod
1253 3323 1333 3366 con-

225 3427 348 3471 sonum
361 3405 461 3470 luerit
475 3404 647 3467 canonicis
661 3404 829 3467 institutis
845 3424 851 3474 ;
876 3405 969 3486 quod
983 3413 1117 3467 vestrae
1129 3407 1332 3489 paternitati

226 3510 441 3583 reverendae,
463 3529 568 3592 quam
591 3506 636 3570 ad
657 3507 806 3589 regimen
828 3508 986 3570 ecclesiae
1008 3530 1089 3572 suae
1110 3517 1249 3573 sanctae
1272 3531 1333 3592 per

226 3623 381 3698 tempora
438 3612 628 3676 successiva
681 3618 859 3673 conservet
917 3612 1111 3685 altissimus,
1167 3614 1333 3678 continuo

224 3740 284 3804 per
304 3724 508 3803 praesentes.
558 3716 687 3778 Datum
717 3715 910 3777 Lincolniae
939 3728 994 3796 14⁰
1023 3715 1098 3780 Kal.
1124 3718 1213 3791 llaii,
1240 3739 1331 3782 anno

226 3824 364 3889 Domini
381 3839 525 3886 ncccxr.

314 3939 573 4005 Memorandum
625 3935 718 4020 quod
770 3935 961 3998 consimiles
1014 3936 1130 3999 literae
1182 3938 1332 4003 directae

225 4048 363 4112 fuerunt
428 4043 600 4128 magistris
658 4041 804 4104 Henrico
861 4040 902 4101 dc
961 4040 1151 4102 llaunsfeld
1209 4045 1331 4106 rectori

224 4152 383 4217 ecclesiae
444 4149 486 4213 de
544 4144 752 4218 Flintham,*
809 4165 848 4207 ac
909 4144 1110 4207 cancellario
1164 4146 1330 4221 Oxoniae,

226 4257 384 4340 Philippo
400 4254 442 4319 de
468 4252 654 4317 Beverlaco
678 4249 799 4314 rectori
825 4248 984 4311 ecclesiae
1008 4248 1050 4309 de
1078 4247 1329 4331 nayngnami‘,

224 4363 304 4427 item
332 4361 483 4424 Thomae
508 4359 550 4422 de
575 4357 736 4439 Clyfiord,
763 4373 877 4418 sacrae
903 4352 1093 4433 theologiae
1119 4352 1329 4419 doctoribus.

295 4491 308 4518 ⁸
330 4466 361 4538 ln
378 4486 643 4549 Nottinglramshire.
721 4487 732 4546 γ
756 4481 962 4545 Scrayinglram.
979 4480 1005 4526 in
1022 4477 1179 4526 l'orkshire.
