<?xml version="1.0" encoding="UTF-8"?>
<!DOCTYPE html PUBLIC "-//W3C//DTD XHTML 1.0 Transitional//EN"
    "http://www.w3.org/TR/xhtml1/DTD/xhtml1-transitional.dtd">
<html xmlns="http://www.w3.org/1999/xhtml" xml:lang="en" lang="en">
 <head>
  <title>
</title>
<meta http-equiv="Content-Type" content="text/html;charset=utf-8" />
  <meta name='ocr-system' content='tesseract 3.04.00' />
  <meta name='ocr-capabilities' content='ocr_page ocr_carea ocr_par ocr_line ocrx_word'/>
</head>
<body>
  <div class='ocr_page' id='page_1' title='image "./recordsnorthern00convgoog_0345.png"; bbox 0 0 2918 5010; ppageno 0'>
   <div class='ocr_carea' id='block_1_1' title="bbox 14 604 56 643">
    <p class='ocr_par' dir='ltr' id='par_1_1' title="bbox 14 604 56 643">
     <span class='ocr_line' id='line_1_1' title="bbox 14 604 56 643; baseline 0 -18"><span class='ocrx_word' id='word_1_1' title='bbox 14 604 56 643; x_wconf 39' lang='lat' dir='ltr'>hm</span> 
     </span>
    </p>
   </div>
   <div class='ocr_carea' id='block_1_2' title="bbox 449 377 1252 454">
    <p class='ocr_par' dir='ltr' id='par_1_2' title="bbox 449 377 1252 454">
     <span class='ocr_line' id='line_1_2' title="bbox 449 377 1252 454; baseline -0.006 -13"><span class='ocrx_word' id='word_1_2' title='bbox 449 377 652 454; x_wconf 72' lang='lat' dir='ltr'>Nonianus</span> <span class='ocrx_word' id='word_1_3' title='bbox 678 377 947 442; x_wconf 74' lang='lat' dir='ltr'>Convocarron.</span> <span class='ocrx_word' id='word_1_4' title='bbox 1188 387 1252 453; x_wconf 87' lang='lat'>217</span> 
     </span>
    </p>
   </div>
   <div class='ocr_carea' id='block_1_3' title="bbox 148 566 1254 862">
    <p class='ocr_par' dir='ltr' id='par_1_3' title="bbox 148 566 1254 862">
     <span class='ocr_line' id='line_1_3' title="bbox 151 566 1253 652; baseline 0.005 -27"><span class='ocrx_word' id='word_1_5' title='bbox 151 566 414 632; x_wconf 75' lang='lat' dir='ltr'>÷··r··r·‹.·rnlissi1ni</span> <span class='ocrx_word' id='word_1_6' title='bbox 461 569 578 652; x_wconf 88' lang='lat' dir='ltr'>patris,</span> <span class='ocrx_word' id='word_1_7' title='bbox 624 590 663 633; x_wconf 91' lang='lat' dir='ltr'>eo</span> <span class='ocrx_word' id='word_1_8' title='bbox 706 568 859 652; x_wconf 87' lang='lat' dir='ltr'>jubente,</span> <span class='ocrx_word' id='word_1_9' title='bbox 904 569 1166 639; x_wconf 78' lang='lat' dir='ltr'>communitum.</span> <span class='ocrx_word' id='word_1_10' title='bbox 1211 567 1253 631; x_wconf 85' lang='lat' dir='ltr'>de</span> 
     </span>
     <span class='ocr_line' id='line_1_4' title="bbox 149 670 1254 758; baseline 0.005 -29"><span class='ocrx_word' id='word_1_11' title='bbox 149 670 310 731; x_wconf 86' lang='lat' dir='ltr'>mandato</span> <span class='ocrx_word' id='word_1_12' title='bbox 355 682 389 736; x_wconf 85' lang='lat' dir='ltr'>et</span> <span class='ocrx_word' id='word_1_13' title='bbox 436 674 655 758; x_wconf 81' lang='lat' dir='ltr'>requisitione</span> <span class='ocrx_word' id='word_1_14' title='bbox 700 673 783 738; x_wconf 87' lang='lat' dir='ltr'>dieti</span> <span class='ocrx_word' id='word_1_15' title='bbox 830 673 1099 738; x_wconf 80' lang='lat' dir='ltr'>reverendissimi</span> <span class='ocrx_word' id='word_1_16' title='bbox 1145 672 1254 756; x_wconf 87' lang='lat' dir='ltr'>patris</span> 
     </span>
     <span class='ocr_line' id='line_1_5' title="bbox 148 774 1230 862; baseline 0.006 -27"><span class='ocrx_word' id='word_1_17' title='bbox 148 774 338 858; x_wconf 72' lang='lat' dir='ltr'>subscripsi,</span> <span class='ocrx_word' id='word_1_18' title='bbox 359 787 391 841; x_wconf 86' lang='lat' dir='ltr'>et</span> <span class='ocrx_word' id='word_1_19' title='bbox 411 779 636 862; x_wconf 87' lang='lat' dir='ltr'>quantumin</span> <span class='ocrx_word' id='word_1_20' title='bbox 656 799 710 842; x_wconf 88' lang='lat' dir='ltr'>me</span> <span class='ocrx_word' id='word_1_21' title='bbox 729 784 827 852; x_wconf 89' lang='lat' dir='ltr'>esset,</span> <span class='ocrx_word' id='word_1_22' title='bbox 848 778 901 841; x_wconf 90' lang='lat' dir='ltr'>vel</span> <span class='ocrx_word' id='word_1_23' title='bbox 921 777 965 842; x_wconf 91' lang='lat' dir='ltr'>ad</span> <span class='ocrx_word' id='word_1_24' title='bbox 983 798 1037 842; x_wconf 90' lang='lat' dir='ltr'>me</span> <span class='ocrx_word' id='word_1_25' title='bbox 1055 777 1230 841; x_wconf 80' lang='lat' dir='ltr'>attineret.</span> 
     </span>
    </p>
   </div>
   <div class='ocr_carea' id='block_1_4' title="bbox 188 918 1254 1619">
    <p class='ocr_par' dir='ltr' id='par_1_4' title="bbox 625 918 773 982">
     <span class='ocr_line' id='line_1_6' title="bbox 625 918 773 982; baseline -0.007 0"><span class='ocrx_word' id='word_1_26' title='bbox 625 918 773 982; x_wconf 87' lang='lat' dir='ltr'>LXXII.</span> 
     </span>
    </p>

    <p class='ocr_par' dir='ltr' id='par_1_5' title="bbox 188 1032 1254 1478">
     <span class='ocr_line' id='line_1_7' title="bbox 268 1032 1251 1112; baseline 0.001 -21"><span class='ocrx_word' id='word_1_27' title='bbox 268 1032 332 1092; x_wconf 83' lang='lat' dir='ltr'>&#39;llio</span> <span class='ocrx_word' id='word_1_28' title='bbox 356 1034 514 1112; x_wconf 74' lang='lat' dir='ltr'>following</span> <span class='ocrx_word' id='word_1_29' title='bbox 534 1035 558 1095; x_wconf 86' lang='lat' dir='ltr'>is</span> <span class='ocrx_word' id='word_1_30' title='bbox 583 1035 636 1094; x_wconf 87' lang='lat' dir='ltr'>the</span> <span class='ocrx_word' id='word_1_31' title='bbox 656 1033 746 1094; x_wconf 90' lang='lat' dir='ltr'>usual</span> <span class='ocrx_word' id='word_1_32' title='bbox 770 1042 891 1112; x_wconf 83' lang='lat' dir='ltr'>protest</span> <span class='ocrx_word' id='word_1_33' title='bbox 914 1054 948 1093; x_wconf 91' lang='lat' dir='ltr'>as</span> <span class='ocrx_word' id='word_1_34' title='bbox 972 1041 1005 1093; x_wconf 93' lang='lat' dir='ltr'>to</span> <span class='ocrx_word' id='word_1_35' title='bbox 1027 1034 1200 1112; x_wconf 89' lang='lat' dir='ltr'>appearing</span> <span class='ocrx_word' id='word_1_36' title='bbox 1221 1032 1251 1093; x_wconf 90' lang='lat' dir='ltr'>in</span> 
     </span>
     <span class='ocr_line' id='line_1_8' title="bbox 188 1126 1254 1209; baseline 0.004 -24"><span class='ocrx_word' id='word_1_37' title='bbox 188 1126 415 1201; x_wconf 70' lang='lat' dir='ltr'>Corrroeatiom</span> <span class='ocrx_word' id='word_1_38' title='bbox 432 1131 507 1189; x_wconf 88' lang='lat' dir='ltr'>read</span> <span class='ocrx_word' id='word_1_39' title='bbox 524 1131 572 1189; x_wconf 91' lang='lat' dir='ltr'>lor</span> <span class='ocrx_word' id='word_1_40' title='bbox 588 1130 708 1208; x_wconf 88' lang='lat' dir='ltr'>Bishop</span> <span class='ocrx_word' id='word_1_41' title='bbox 722 1129 879 1191; x_wconf 87' lang='lat' dir='ltr'>Tunstall.</span> <span class='ocrx_word' id='word_1_42' title='bbox 897 1130 1003 1189; x_wconf 87' lang='lat' dir='ltr'>belore</span> <span class='ocrx_word' id='word_1_43' title='bbox 1019 1131 1058 1190; x_wconf 90' lang='lat' dir='ltr'>he</span> <span class='ocrx_word' id='word_1_44' title='bbox 1074 1130 1254 1209; x_wconf 87' lang='lat' dir='ltr'>personally</span> 
     </span>
     <span class='ocr_line' id='line_1_9' title="bbox 189 1225 1253 1304; baseline 0.005 -24"><span class='ocrx_word' id='word_1_45' title='bbox 189 1225 263 1284; x_wconf 87' lang='lat' dir='ltr'>read</span> <span class='ocrx_word' id='word_1_46' title='bbox 278 1227 326 1285; x_wconf 88' lang='lat' dir='ltr'>his</span> <span class='ocrx_word' id='word_1_47' title='bbox 342 1234 461 1304; x_wconf 84' lang='lat' dir='ltr'>protest</span> <span class='ocrx_word' id='word_1_48' title='bbox 483 1227 607 1304; x_wconf 77' lang='lat' dir='ltr'>against</span> <span class='ocrx_word' id='word_1_49' title='bbox 626 1227 678 1285; x_wconf 88' lang='lat' dir='ltr'>the</span> <span class='ocrx_word' id='word_1_50' title='bbox 695 1225 788 1285; x_wconf 87' lang='lat' dir='ltr'>claim</span> <span class='ocrx_word' id='word_1_51' title='bbox 804 1226 837 1284; x_wconf 90' lang='lat' dir='ltr'>ol</span> <span class='ocrx_word' id='word_1_52' title='bbox 854 1226 966 1304; x_wconf 90' lang='lat' dir='ltr'>Henry</span> <span class='ocrx_word' id='word_1_53' title='bbox 983 1226 1062 1285; x_wconf 92' lang='lat' dir='ltr'>Vlll</span> <span class='ocrx_word' id='word_1_54' title='bbox 1080 1234 1113 1286; x_wconf 93' lang='lat' dir='ltr'>to</span> <span class='ocrx_word' id='word_1_55' title='bbox 1128 1246 1253 1287; x_wconf 85' lang='lat' dir='ltr'>assume</span> 
     </span>
     <span class='ocr_line' id='line_1_10' title="bbox 189 1321 1253 1401; baseline 0.005 -24"><span class='ocrx_word' id='word_1_56' title='bbox 189 1321 240 1379; x_wconf 84' lang='lat' dir='ltr'>the</span> <span class='ocrx_word' id='word_1_57' title='bbox 258 1322 326 1381; x_wconf 85' lang='lat' dir='ltr'>title</span> <span class='ocrx_word' id='word_1_58' title='bbox 348 1323 381 1381; x_wconf 89' lang='lat' dir='ltr'>ol</span> <span class='ocrx_word' id='word_1_59' title='bbox 404 1322 563 1383; x_wconf 75' lang='lat' dir='ltr'>¹‘unicum</span> <span class='ocrx_word' id='word_1_60' title='bbox 579 1330 610 1381; x_wconf 86' lang='lat' dir='ltr'>et</span> <span class='ocrx_word' id='word_1_61' title='bbox 633 1340 819 1399; x_wconf 88' lang='lat' dir='ltr'>supremum</span> <span class='ocrx_word' id='word_1_62' title='bbox 839 1321 966 1400; x_wconf 83' lang='lat' dir='ltr'>caput”</span> <span class='ocrx_word' id='word_1_63' title='bbox 989 1323 1022 1381; x_wconf 90' lang='lat' dir='ltr'>ol</span> <span class='ocrx_word' id='word_1_64' title='bbox 1046 1322 1098 1382; x_wconf 88' lang='lat' dir='ltr'>the</span> <span class='ocrx_word' id='word_1_65' title='bbox 1122 1322 1253 1401; x_wconf 85' lang='lat' dir='ltr'>English</span> 
     </span>
     <span class='ocr_line' id='line_1_11' title="bbox 188 1416 320 1478; baseline 0.015 -2"><span class='ocrx_word' id='word_1_66' title='bbox 188 1416 320 1478; x_wconf 82' lang='lat' dir='ltr'>Clrurch.</span> 
     </span>
    </p>

    <p class='ocr_par' dir='ltr' id='par_1_6' title="bbox 230 1541 671 1619">
     <span class='ocr_line' id='line_1_12' title="bbox 230 1541 671 1619; baseline 0 -20"><span class='ocrx_word' id='word_1_67' title='bbox 230 1542 318 1610; x_wconf 77' lang='lat' dir='ltr'>(rath</span> <span class='ocrx_word' id='word_1_68' title='bbox 334 1541 489 1619; x_wconf 79' lang='lat' dir='ltr'>january,</span> <span class='ocrx_word' id='word_1_69' title='bbox 509 1546 671 1615; x_wconf 72' lang='lat'>1530-31.)</span> 
     </span>
    </p>
   </div>
   <div class='ocr_carea' id='block_1_5' title="bbox 147 1672 1255 2384">
    <p class='ocr_par' dir='ltr' id='par_1_7' title="bbox 147 1672 1255 2384">
     <span class='ocr_line' id='line_1_13' title="bbox 192 1672 1254 1756; baseline 0.004 -21"><span class='ocrx_word' id='word_1_70' title='bbox 192 1672 384 1738; x_wconf 77' lang='lat' dir='ltr'>Prolosleb&#39;o</span> <span class='ocrx_word' id='word_1_71' title='bbox 412 1675 497 1753; x_wconf 69' lang='lat' dir='ltr'>jacto</span> <span class='ocrx_word' id='word_1_72' title='bbox 528 1678 563 1736; x_wconf 83' lang='lat' dir='ltr'>in</span> <span class='ocrx_word' id='word_1_73' title='bbox 605 1672 611 1691; x_wconf 61' lang='lat'>⁸</span> <span class='ocrx_word' id='word_1_74' title='bbox 732 1673 770 1736; x_wconf 91' lang='lat' dir='ltr'>ln</span> <span class='ocrx_word' id='word_1_75' title='bbox 784 1674 887 1737; x_wconf 92' lang='lat' dir='ltr'>domo</span> <span class='ocrx_word' id='word_1_76' title='bbox 900 1673 1081 1756; x_wconf 88' lang='lat' dir='ltr'>capitulari</span> <span class='ocrx_word' id='word_1_77' title='bbox 1095 1675 1254 1739; x_wconf 87' lang='lat' dir='ltr'>ecclesiae</span> 
     </span>
     <span class='ocr_line' id='line_1_14' title="bbox 151 1773 1254 1861; baseline 0.004 -23"><span class='ocrx_word' id='word_1_78' title='bbox 151 1773 385 1841; x_wconf 69' lang='lat' dir='ltr'>convocatione</span> <span class='ocrx_word' id='word_1_79' title='bbox 401 1778 478 1841; x_wconf 82' lang='lat' dir='ltr'>cleri</span> <span class='ocrx_word' id='word_1_80' title='bbox 494 1778 585 1860; x_wconf 80' lang='lat' dir='ltr'>apud</span> <span class='ocrx_word' id='word_1_81' title='bbox 639 1778 925 1861; x_wconf 87' lang='lat' dir='ltr'>metropolitanae</span> <span class='ocrx_word' id='word_1_82' title='bbox 936 1779 1254 1843; x_wconf 79' lang='lat' dir='ltr'>EboracensisCon-</span> 
     </span>
     <span class='ocr_line' id='line_1_15' title="bbox 171 1881 1254 1966; baseline 0.002 -22"><span class='ocrx_word' id='word_1_83' title='bbox 171 1881 198 1943; x_wconf 83' lang='lat' dir='ltr'><em>E</em></span> <span class='ocrx_word' id='word_1_84' title='bbox 202 1882 264 1946; x_wconf 79' lang='lat' dir='ltr'>bor.</span> <span class='ocrx_word' id='word_1_85' title='bbox 283 1890 340 1966; x_wconf 75' lang='lat' dir='ltr'>per</span> <span class='ocrx_word' id='word_1_86' title='bbox 356 1882 577 1946; x_wconf 70' lang='lat' dir='ltr'>venerandum</span> <span class='ocrx_word' id='word_1_87' title='bbox 616 1922 621 1933; x_wconf 77' lang='lat'>›</span> <span class='ocrx_word' id='word_1_88' title='bbox 639 1881 778 1944; x_wconf 89' lang='lat' dir='ltr'>vocatio</span> <span class='ocrx_word' id='word_1_89' title='bbox 792 1881 1024 1964; x_wconf 91' lang='lat' dir='ltr'>praelatorum</span> <span class='ocrx_word' id='word_1_90' title='bbox 1038 1890 1071 1945; x_wconf 92' lang='lat' dir='ltr'>et</span> <span class='ocrx_word' id='word_1_91' title='bbox 1085 1882 1164 1946; x_wconf 88' lang='lat' dir='ltr'>cleri</span> <span class='ocrx_word' id='word_1_92' title='bbox 1179 1904 1254 1966; x_wconf 91' lang='lat' dir='ltr'>pro-</span> 
     </span>
     <span class='ocr_line' id='line_1_16' title="bbox 171 1983 1255 2069; baseline 0.005 -23"><span class='ocrx_word' id='word_1_93' title='bbox 171 1983 208 2047; x_wconf 83' lang='lat' dir='ltr'>in</span> <span class='ocrx_word' id='word_1_94' title='bbox 234 1986 299 2049; x_wconf 49' lang='lat' dir='ltr'>rl&#39;to</span> <span class='ocrx_word' id='word_1_95' title='bbox 324 1993 450 2069; x_wconf 24' lang='lat' dir='ltr'>patrem*</span> <span class='ocrx_word' id='word_1_96' title='bbox 479 1988 578 2051; x_wconf 82' lang='lat' dir='ltr'>Cullr-</span> <span class='ocrx_word' id='word_1_97' title='bbox 640 1986 773 2049; x_wconf 82' lang='lat' dir='ltr'>vinciae</span> <span class='ocrx_word' id='word_1_98' title='bbox 810 1986 1034 2050; x_wconf 88' lang='lat' dir='ltr'>Eboracensis</span> <span class='ocrx_word' id='word_1_99' title='bbox 1067 1994 1140 2051; x_wconf 91' lang='lat' dir='ltr'>erat</span> <span class='ocrx_word' id='word_1_100' title='bbox 1171 1988 1255 2051; x_wconf 90' lang='lat' dir='ltr'>cele·</span> 
     </span>
     <span class='ocr_line' id='line_1_17' title="bbox 150 2088 1254 2177; baseline 0.003 -25"><span class='ocrx_word' id='word_1_101' title='bbox 150 2088 271 2155; x_wconf 75' lang='lat' dir='ltr'>beriton</span> <span class='ocrx_word' id='word_1_102' title='bbox 293 2091 447 2154; x_wconf 71' lang='lat' dir='ltr'>liunelm.</span> <span class='ocrx_word' id='word_1_103' title='bbox 472 2091 583 2173; x_wconf 80' lang='lat' dir='ltr'>Episc.</span> <span class='ocrx_word' id='word_1_104' title='bbox 611 2167 615 2177; x_wconf 27' lang='grc' dir='ltr'>Ι</span> <span class='ocrx_word' id='word_1_105' title='bbox 641 2091 742 2154; x_wconf 88' lang='lat' dir='ltr'>brata</span> <span class='ocrx_word' id='word_1_106' title='bbox 770 2111 811 2153; x_wconf 85' lang='lat' dir='ltr'>ex</span> <span class='ocrx_word' id='word_1_107' title='bbox 841 2091 1008 2154; x_wconf 90' lang='lat' dir='ltr'>mandato</span> <span class='ocrx_word' id='word_1_108' title='bbox 1037 2092 1254 2157; x_wconf 87' lang='lat' dir='ltr'>illustrissimi</span> 
     </span>
     <span class='ocr_line' id='line_1_18' title="bbox 150 2192 1255 2280; baseline 0.004 -24"><span class='ocrx_word' id='word_1_109' title='bbox 150 2192 250 2280; x_wconf 87' lang='lat' dir='ltr'>Regis</span> <span class='ocrx_word' id='word_1_110' title='bbox 275 2215 390 2258; x_wconf 92' lang='lat' dir='ltr'>coram</span> <span class='ocrx_word' id='word_1_111' title='bbox 416 2194 697 2258; x_wconf 85' lang='lat' dir='ltr'>venerandissimi</span> <span class='ocrx_word' id='word_1_112' title='bbox 725 2193 851 2258; x_wconf 90' lang='lat' dir='ltr'>Briano</span> <span class='ocrx_word' id='word_1_113' title='bbox 877 2194 1024 2279; x_wconf 89' lang='lat' dir='ltr'>Higden,</span> <span class='ocrx_word' id='word_1_114' title='bbox 1048 2196 1197 2272; x_wconf 88' lang='lat' dir='ltr'>Decan0,</span> <span class='ocrx_word' id='word_1_115' title='bbox 1221 2203 1255 2260; x_wconf 92' lang='lat' dir='ltr'>et</span> 
     </span>
     <span class='ocr_line' id='line_1_19' title="bbox 147 2298 1255 2384; baseline 0.002 -23"><span class='ocrx_word' id='word_1_116' title='bbox 147 2299 298 2383; x_wconf 88' lang='lat' dir='ltr'>capitulo</span> <span class='ocrx_word' id='word_1_117' title='bbox 312 2298 465 2381; x_wconf 87' lang='lat' dir='ltr'>ejusdem</span> <span class='ocrx_word' id='word_1_118' title='bbox 480 2299 650 2373; x_wconf 88' lang='lat' dir='ltr'>ecclesiae,</span> <span class='ocrx_word' id='word_1_119' title='bbox 664 2298 744 2362; x_wconf 89' lang='lat' dir='ltr'>sede</span> <span class='ocrx_word' id='word_1_120' title='bbox 757 2298 1034 2384; x_wconf 87' lang='lat' dir='ltr'>archiepiscopali</span> <span class='ocrx_word' id='word_1_121' title='bbox 1050 2301 1255 2365; x_wconf 87' lang='lat' dir='ltr'>Eboracensi</span> 
     </span>
    </p>
   </div>
   <div class='ocr_carea' id='block_1_6' title="bbox 148 2408 402 2467">
    <p class='ocr_par' dir='ltr' id='par_1_8' title="bbox 148 2408 402 2467">
     <span class='ocr_line' id='line_1_20' title="bbox 148 2408 402 2467; baseline 0.004 -2"><span class='ocrx_word' id='word_1_122' title='bbox 148 2408 228 2467; x_wconf 91' lang='lat' dir='ltr'>tunc</span> <span class='ocrx_word' id='word_1_123' title='bbox 246 2409 402 2467; x_wconf 88' lang='lat' dir='ltr'>vacante.</span> 
     </span>
    </p>
   </div>
   <div class='ocr_carea' id='block_1_7' title="bbox 145 2520 1321 4569">
    <p class='ocr_par' dir='ltr' id='par_1_9' title="bbox 145 2520 1321 4569">
     <span class='ocr_line' id='line_1_21' title="bbox 233 2520 1258 2606; baseline 0.001 -21"><span class='ocrx_word' id='word_1_124' title='bbox 233 2521 366 2605; x_wconf 79' lang='lat' dir='ltr'>Quibus</span> <span class='ocrx_word' id='word_1_125' title='bbox 383 2520 437 2583; x_wconf 87' lang='lat' dir='ltr'>die</span> <span class='ocrx_word' id='word_1_126' title='bbox 454 2527 488 2583; x_wconf 88' lang='lat' dir='ltr'>et</span> <span class='ocrx_word' id='word_1_127' title='bbox 507 2520 580 2584; x_wconf 88' lang='lat' dir='ltr'>loco</span> <span class='ocrx_word' id='word_1_128' title='bbox 597 2520 790 2604; x_wconf 88' lang='lat' dir='ltr'>comparuit</span> <span class='ocrx_word' id='word_1_129' title='bbox 808 2521 1011 2586; x_wconf 90' lang='lat' dir='ltr'>venerabilis</span> <span class='ocrx_word' id='word_1_130' title='bbox 1028 2521 1080 2586; x_wconf 92' lang='lat' dir='ltr'>vir</span> <span class='ocrx_word' id='word_1_131' title='bbox 1096 2522 1258 2606; x_wconf 88' lang='lat' dir='ltr'>Magister</span> 
     </span>
     <span class='ocr_line' id='line_1_22' title="bbox 147 2624 1321 2708; baseline 0.001 -20"><span class='ocrx_word' id='word_1_132' title='bbox 147 2624 295 2689; x_wconf 85' lang='lat' dir='ltr'>Thomas</span> <span class='ocrx_word' id='word_1_133' title='bbox 330 2625 511 2707; x_wconf 88' lang='lat' dir='ltr'>Hyndmer</span> <span class='ocrx_word' id='word_1_134' title='bbox 538 2625 718 2708; x_wconf 87' lang='lat' dir='ltr'>utriusque</span> <span class='ocrx_word' id='word_1_135' title='bbox 751 2624 836 2708; x_wconf 86' lang='lat' dir='ltr'>juris</span> <span class='ocrx_word' id='word_1_136' title='bbox 868 2625 999 2699; x_wconf 87' lang='lat' dir='ltr'>doctor,</span> <span class='ocrx_word' id='word_1_137' title='bbox 1033 2632 1067 2690; x_wconf 89' lang='lat' dir='ltr'>et</span> <span class='ocrx_word' id='word_1_138' title='bbox 1100 2626 1257 2691; x_wconf 89' lang='lat' dir='ltr'>exhibuit</span> <span class='ocrx_word' id='word_1_139' title='bbox 1318 2684 1321 2689; x_wconf 89' lang='lat'>.</span> 
     </span>
     <span class='ocr_line' id='line_1_23' title="bbox 146 2730 1257 2815; baseline 0.002 -22"><span class='ocrx_word' id='word_1_140' title='bbox 146 2730 321 2813; x_wconf 89' lang='lat' dir='ltr'>quoddam</span> <span class='ocrx_word' id='word_1_141' title='bbox 347 2730 621 2812; x_wconf 87' lang='lat' dir='ltr'>procuratorium</span> <span class='ocrx_word' id='word_1_142' title='bbox 646 2749 708 2813; x_wconf 90' lang='lat' dir='ltr'>pro</span> <span class='ocrx_word' id='word_1_143' title='bbox 732 2730 918 2793; x_wconf 90' lang='lat' dir='ltr'>reverendo</span> <span class='ocrx_word' id='word_1_144' title='bbox 942 2730 976 2794; x_wconf 90' lang='lat' dir='ltr'>in</span> <span class='ocrx_word' id='word_1_145' title='bbox 1001 2731 1135 2795; x_wconf 77' lang='lat' dir='ltr'>Christo</span> <span class='ocrx_word' id='word_1_146' title='bbox 1159 2738 1257 2815; x_wconf 88' lang='lat' dir='ltr'>patre</span> 
     </span>
     <span class='ocr_line' id='line_1_24' title="bbox 147 2832 1258 2916; baseline 0.004 -20"><span class='ocrx_word' id='word_1_147' title='bbox 147 2841 180 2897; x_wconf 88' lang='lat' dir='ltr'>et</span> <span class='ocrx_word' id='word_1_148' title='bbox 215 2834 355 2898; x_wconf 91' lang='lat' dir='ltr'>domino</span> <span class='ocrx_word' id='word_1_149' title='bbox 389 2855 451 2897; x_wconf 90' lang='lat' dir='ltr'>suo</span> <span class='ocrx_word' id='word_1_150' title='bbox 486 2833 626 2896; x_wconf 90' lang='lat' dir='ltr'>domino</span> <span class='ocrx_word' id='word_1_151' title='bbox 661 2832 851 2897; x_wconf 84' lang='lat' dir='ltr'>Cuthberto</span> <span class='ocrx_word' id='word_1_152' title='bbox 886 2834 1105 2916; x_wconf 87' lang='lat' dir='ltr'>permissione</span> <span class='ocrx_word' id='word_1_153' title='bbox 1140 2835 1258 2900; x_wconf 88' lang='lat' dir='ltr'>divina</span> 
     </span>
     <span class='ocr_line' id='line_1_25' title="bbox 147 2937 1255 3023; baseline 0.002 -21"><span class='ocrx_word' id='word_1_154' title='bbox 147 2937 368 3002; x_wconf 90' lang='lat' dir='ltr'>Dunelmensi</span> <span class='ocrx_word' id='word_1_155' title='bbox 389 2938 549 3021; x_wconf 89' lang='lat' dir='ltr'>episcopo</span> <span class='ocrx_word' id='word_1_156' title='bbox 571 2937 697 3000; x_wconf 89' lang='lat' dir='ltr'>laciens</span> <span class='ocrx_word' id='word_1_157' title='bbox 716 2958 751 3000; x_wconf 90' lang='lat' dir='ltr'>se</span> <span class='ocrx_word' id='word_1_158' title='bbox 768 2944 1023 3020; x_wconf 89' lang='lat' dir='ltr'>procuratorem</span> <span class='ocrx_word' id='word_1_159' title='bbox 1044 2960 1105 3023; x_wconf 90' lang='lat' dir='ltr'>pro</span> <span class='ocrx_word' id='word_1_160' title='bbox 1125 2940 1255 3013; x_wconf 89' lang='lat' dir='ltr'>eodem,</span> 
     </span>
     <span class='ocr_line' id='line_1_26' title="bbox 146 3041 1256 3125; baseline 0.001 -19"><span class='ocrx_word' id='word_1_161' title='bbox 146 3064 184 3106; x_wconf 89' lang='lat' dir='ltr'>ae</span> <span class='ocrx_word' id='word_1_162' title='bbox 219 3043 325 3106; x_wconf 89' lang='lat' dir='ltr'>etiam</span> <span class='ocrx_word' id='word_1_163' title='bbox 355 3041 517 3125; x_wconf 85' lang='lat' dir='ltr'>allegavit</span> <span class='ocrx_word' id='word_1_164' title='bbox 548 3041 764 3105; x_wconf 87' lang='lat' dir='ltr'>antedictum</span> <span class='ocrx_word' id='word_1_165' title='bbox 794 3041 972 3106; x_wconf 91' lang='lat' dir='ltr'>dominum</span> <span class='ocrx_word' id='word_1_166' title='bbox 1001 3063 1102 3107; x_wconf 89' lang='lat' dir='ltr'>suum</span> <span class='ocrx_word' id='word_1_167' title='bbox 1132 3044 1256 3108; x_wconf 91' lang='lat' dir='ltr'>habere</span> 
     </span>
     <span class='ocr_line' id='line_1_27' title="bbox 145 3144 1256 3230; baseline 0.002 -21"><span class='ocrx_word' id='word_1_168' title='bbox 145 3147 321 3230; x_wconf 83' lang='lat' dir='ltr'>quoddam</span> <span class='ocrx_word' id='word_1_169' title='bbox 356 3145 571 3229; x_wconf 90' lang='lat' dir='ltr'>privilegium</span> <span class='ocrx_word' id='word_1_170' title='bbox 605 3147 649 3209; x_wconf 90' lang='lat' dir='ltr'>ab</span> <span class='ocrx_word' id='word_1_171' title='bbox 684 3144 948 3229; x_wconf 83' lang='lat' dir='ltr'>Arclriepiscopo</span> <span class='ocrx_word' id='word_1_172' title='bbox 982 3147 1189 3211; x_wconf 83' lang='lat' dir='ltr'>Eboracensi</span> <span class='ocrx_word' id='word_1_173' title='bbox 1222 3155 1256 3211; x_wconf 91' lang='lat' dir='ltr'>et</span> 
     </span>
     <span class='ocr_line' id='line_1_28' title="bbox 146 3248 1256 3335; baseline 0.003 -22"><span class='ocrx_word' id='word_1_174' title='bbox 146 3250 298 3335; x_wconf 85' lang='lat' dir='ltr'>capitulo</span> <span class='ocrx_word' id='word_1_175' title='bbox 330 3249 484 3333; x_wconf 87' lang='lat' dir='ltr'>ejusdem</span> <span class='ocrx_word' id='word_1_176' title='bbox 518 3249 691 3313; x_wconf 91' lang='lat' dir='ltr'>indultum</span> <span class='ocrx_word' id='word_1_177' title='bbox 724 3270 764 3313; x_wconf 91' lang='lat' dir='ltr'>ac</span> <span class='ocrx_word' id='word_1_178' title='bbox 796 3270 816 3312; x_wconf 92' lang='lat' dir='ltr'>a</span> <span class='ocrx_word' id='word_1_179' title='bbox 847 3248 925 3313; x_wconf 89' lang='lat' dir='ltr'>sede</span> <span class='ocrx_word' id='word_1_180' title='bbox 958 3250 1146 3334; x_wconf 90' lang='lat' dir='ltr'>apostolica</span> <span class='ocrx_word' id='word_1_181' title='bbox 1177 3272 1256 3316; x_wconf 89' lang='lat' dir='ltr'>con-</span> 
     </span>
     <span class='ocr_line' id='line_1_29' title="bbox 146 3352 1258 3438; baseline 0.002 -20"><span class='ocrx_word' id='word_1_182' title='bbox 146 3356 322 3419; x_wconf 90' lang='lat' dir='ltr'>lirmatum</span> <span class='ocrx_word' id='word_1_183' title='bbox 355 3354 448 3438; x_wconf 89' lang='lat' dir='ltr'>quod</span> <span class='ocrx_word' id='word_1_184' title='bbox 482 3353 680 3418; x_wconf 90' lang='lat' dir='ltr'>antedictus</span> <span class='ocrx_word' id='word_1_185' title='bbox 712 3352 872 3417; x_wconf 88' lang='lat' dir='ltr'>dominus</span> <span class='ocrx_word' id='word_1_186' title='bbox 904 3374 986 3417; x_wconf 91' lang='lat' dir='ltr'>suus</span> <span class='ocrx_word' id='word_1_187' title='bbox 1019 3375 1087 3419; x_wconf 90' lang='lat' dir='ltr'>non</span> <span class='ocrx_word' id='word_1_188' title='bbox 1121 3361 1258 3421; x_wconf 89' lang='lat' dir='ltr'>tenetur</span> 
     </span>
     <span class='ocr_line' id='line_1_30' title="bbox 147 3457 1258 3545; baseline 0.003 -23"><span class='ocrx_word' id='word_1_189' title='bbox 147 3478 342 3543; x_wconf 86' lang='lat' dir='ltr'>comparere</span> <span class='ocrx_word' id='word_1_190' title='bbox 379 3458 603 3542; x_wconf 88' lang='lat' dir='ltr'>personaliter</span> <span class='ocrx_word' id='word_1_191' title='bbox 638 3458 671 3521; x_wconf 90' lang='lat' dir='ltr'>in</span> <span class='ocrx_word' id='word_1_192' title='bbox 710 3457 963 3521; x_wconf 82' lang='lat' dir='ltr'>Convocatione</span> <span class='ocrx_word' id='word_1_193' title='bbox 1001 3458 1116 3536; x_wconf 65' lang='lat' dir='ltr'>libor„</span> <span class='ocrx_word' id='word_1_194' title='bbox 1151 3481 1258 3545; x_wconf 89' lang='lat' dir='ltr'>quare</span> 
     </span>
     <span class='ocr_line' id='line_1_31' title="bbox 148 3561 1257 3648; baseline 0.003 -22"><span class='ocrx_word' id='word_1_195' title='bbox 148 3569 360 3647; x_wconf 87' lang='lat' dir='ltr'>protestatus</span> <span class='ocrx_word' id='word_1_196' title='bbox 387 3571 437 3626; x_wconf 90' lang='lat' dir='ltr'>est</span> <span class='ocrx_word' id='word_1_197' title='bbox 466 3561 603 3626; x_wconf 90' lang='lat' dir='ltr'>nomine</span> <span class='ocrx_word' id='word_1_198' title='bbox 631 3561 785 3644; x_wconf 88' lang='lat' dir='ltr'>ejusdem</span> <span class='ocrx_word' id='word_1_199' title='bbox 812 3561 941 3625; x_wconf 91' lang='lat' dir='ltr'>domini</span> <span class='ocrx_word' id='word_1_200' title='bbox 968 3563 1020 3627; x_wconf 94' lang='lat' dir='ltr'>sui</span> <span class='ocrx_word' id='word_1_201' title='bbox 1046 3563 1140 3648; x_wconf 91' lang='lat' dir='ltr'>quod</span> <span class='ocrx_word' id='word_1_202' title='bbox 1168 3564 1257 3629; x_wconf 89' lang='lat' dir='ltr'>idem</span> 
     </span>
     <span class='ocr_line' id='line_1_32' title="bbox 148 3665 1257 3751; baseline 0.002 -20"><span class='ocrx_word' id='word_1_203' title='bbox 148 3667 307 3731; x_wconf 90' lang='lat' dir='ltr'>dominus</span> <span class='ocrx_word' id='word_1_204' title='bbox 339 3687 421 3731; x_wconf 90' lang='lat' dir='ltr'>suus</span> <span class='ocrx_word' id='word_1_205' title='bbox 454 3687 522 3730; x_wconf 91' lang='lat' dir='ltr'>non</span> <span class='ocrx_word' id='word_1_206' title='bbox 555 3665 715 3738; x_wconf 88' lang='lat' dir='ltr'>intendit,</span> <span class='ocrx_word' id='word_1_207' title='bbox 747 3665 827 3729; x_wconf 90' lang='lat' dir='ltr'>licet</span> <span class='ocrx_word' id='word_1_208' title='bbox 860 3666 926 3730; x_wconf 89' lang='lat' dir='ltr'>huc</span> <span class='ocrx_word' id='word_1_209' title='bbox 958 3668 1182 3751; x_wconf 87' lang='lat' dir='ltr'>personaliter</span> <span class='ocrx_word' id='word_1_210' title='bbox 1213 3669 1257 3733; x_wconf 93' lang='lat' dir='ltr'>sit</span> 
     </span>
     <span class='ocr_line' id='line_1_33' title="bbox 148 3769 1259 3854; baseline 0.001 -18"><span class='ocrx_word' id='word_1_211' title='bbox 148 3792 353 3845; x_wconf 72' lang='lat' dir='ltr'>accessurus</span> <span class='ocrx_word' id='word_1_212' title='bbox 369 3769 565 3853; x_wconf 87' lang='lat' dir='ltr'>hujusmodi</span> <span class='ocrx_word' id='word_1_213' title='bbox 584 3769 767 3854; x_wconf 89' lang='lat' dir='ltr'>privelegio</span> <span class='ocrx_word' id='word_1_214' title='bbox 780 3771 987 3835; x_wconf 88' lang='lat' dir='ltr'>renunciare.</span> <span class='ocrx_word' id='word_1_215' title='bbox 1037 3772 1168 3837; x_wconf 91' lang='lat' dir='ltr'>Deinde</span> <span class='ocrx_word' id='word_1_216' title='bbox 1185 3773 1259 3837; x_wconf 87' lang='lat' dir='ltr'>xiv⁰</span> 
     </span>
     <span class='ocr_line' id='line_1_34' title="bbox 148 3873 1258 3961; baseline 0.003 -23"><span class='ocrx_word' id='word_1_217' title='bbox 148 3875 201 3939; x_wconf 92' lang='lat' dir='ltr'>die</span> <span class='ocrx_word' id='word_1_218' title='bbox 218 3875 343 3938; x_wconf 85' lang='lat' dir='ltr'>mensis</span> <span class='ocrx_word' id='word_1_219' title='bbox 360 3874 515 3958; x_wconf 88' lang='lat' dir='ltr'>ejusdem</span> <span class='ocrx_word' id='word_1_220' title='bbox 532 3873 688 3956; x_wconf 89' lang='lat' dir='ltr'>Januarii</span> <span class='ocrx_word' id='word_1_221' title='bbox 706 3890 777 3937; x_wconf 67' lang='lat' dir='ltr'>nn.</span> <span class='ocrx_word' id='word_1_222' title='bbox 798 3890 882 3955; x_wconf 82' lang='lat'>1530</span> <span class='ocrx_word' id='word_1_223' title='bbox 901 3877 1010 3958; x_wconf 77' lang='lat'>[1531]</span> <span class='ocrx_word' id='word_1_224' title='bbox 1031 3877 1063 3940; x_wconf 92' lang='lat' dir='ltr'>in</span> <span class='ocrx_word' id='word_1_225' title='bbox 1081 3876 1258 3961; x_wconf 88' lang='lat' dir='ltr'>praedicto</span> 
     </span>
     <span class='ocr_line' id='line_1_35' title="bbox 148 3977 1258 4065; baseline 0.003 -23"><span class='ocrx_word' id='word_1_226' title='bbox 148 3980 221 4044; x_wconf 89' lang='lat' dir='ltr'>loco</span> <span class='ocrx_word' id='word_1_227' title='bbox 261 3979 444 4062; x_wconf 90' lang='lat' dir='ltr'>capitulari</span> <span class='ocrx_word' id='word_1_228' title='bbox 485 3998 600 4042; x_wconf 89' lang='lat' dir='ltr'>coram</span> <span class='ocrx_word' id='word_1_229' title='bbox 642 3977 818 4062; x_wconf 87' lang='lat' dir='ltr'>praedicto</span> <span class='ocrx_word' id='word_1_230' title='bbox 859 3978 989 4043; x_wconf 90' lang='lat' dir='ltr'>decano</span> <span class='ocrx_word' id='word_1_231' title='bbox 1030 3986 1064 4043; x_wconf 90' lang='lat' dir='ltr'>et</span> <span class='ocrx_word' id='word_1_232' title='bbox 1105 3980 1258 4065; x_wconf 90' lang='lat' dir='ltr'>capitulo</span> 
     </span>
     <span class='ocr_line' id='line_1_36' title="bbox 147 4081 1258 4168; baseline 0.001 -20"><span class='ocrx_word' id='word_1_233' title='bbox 147 4084 340 4168; x_wconf 88' lang='lat' dir='ltr'>comparuit</span> <span class='ocrx_word' id='word_1_234' title='bbox 372 4081 570 4147; x_wconf 87' lang='lat' dir='ltr'>antedictus</span> <span class='ocrx_word' id='word_1_235' title='bbox 598 4081 805 4147; x_wconf 90' lang='lat' dir='ltr'>reverendus</span> <span class='ocrx_word' id='word_1_236' title='bbox 836 4088 935 4166; x_wconf 88' lang='lat' dir='ltr'>pater</span> <span class='ocrx_word' id='word_1_237' title='bbox 962 4084 1121 4149; x_wconf 90' lang='lat' dir='ltr'>dominus</span> <span class='ocrx_word' id='word_1_238' title='bbox 1152 4085 1258 4150; x_wconf 82' lang='lat' dir='ltr'>Cuth-</span> 
     </span>
     <span class='ocr_line' id='line_1_37' title="bbox 149 4187 1258 4273; baseline 0.003 -22"><span class='ocrx_word' id='word_1_239' title='bbox 149 4190 265 4254; x_wconf 88' lang='lat' dir='ltr'>bertus</span> <span class='ocrx_word' id='word_1_240' title='bbox 303 4187 542 4253; x_wconf 88' lang='lat' dir='ltr'>Dunelmensis</span> <span class='ocrx_word' id='word_1_241' title='bbox 580 4187 771 4271; x_wconf 90' lang='lat' dir='ltr'>Episcopus</span> <span class='ocrx_word' id='word_1_242' title='bbox 807 4193 841 4250; x_wconf 89' lang='lat' dir='ltr'>et</span> <span class='ocrx_word' id='word_1_243' title='bbox 877 4188 1054 4272; x_wconf 90' lang='lat' dir='ltr'>quoddam</span> <span class='ocrx_word' id='word_1_244' title='bbox 1091 4190 1258 4273; x_wconf 88' lang='lat' dir='ltr'>scriptum</span> 
     </span>
     <span class='ocr_line' id='line_1_38' title="bbox 148 4291 1308 4376; baseline -0.003 -19"><span class='ocrx_word' id='word_1_245' title='bbox 148 4293 305 4358; x_wconf 87' lang='lat' dir='ltr'>exhibuit</span> <span class='ocrx_word' id='word_1_246' title='bbox 335 4292 450 4357; x_wconf 90' lang='lat' dir='ltr'>dicens</span> <span class='ocrx_word' id='word_1_247' title='bbox 479 4291 629 4375; x_wconf 88' lang='lat' dir='ltr'>allegans</span> <span class='ocrx_word' id='word_1_248' title='bbox 658 4297 692 4354; x_wconf 94' lang='lat' dir='ltr'>et</span> <span class='ocrx_word' id='word_1_249' title='bbox 722 4311 915 4375; x_wconf 90' lang='lat' dir='ltr'>proponens</span> <span class='ocrx_word' id='word_1_250' title='bbox 944 4301 1045 4376; x_wconf 90' lang='lat' dir='ltr'>prout</span> <span class='ocrx_word' id='word_1_251' title='bbox 1075 4293 1110 4358; x_wconf 91' lang='lat' dir='ltr'>in</span> <span class='ocrx_word' id='word_1_252' title='bbox 1138 4293 1258 4358; x_wconf 88' lang='lat' dir='ltr'>eodem</span> <span class='ocrx_word' id='word_1_253' title='bbox 1304 4345 1308 4353; x_wconf 89' lang='lat'>.</span> 
     </span>
     <span class='ocr_line' id='line_1_39' title="bbox 148 4395 1259 4482; baseline 0.001 -21"><span class='ocrx_word' id='word_1_254' title='bbox 148 4397 354 4472; x_wconf 89' lang='lat' dir='ltr'>continetur,</span> <span class='ocrx_word' id='word_1_255' title='bbox 378 4395 477 4479; x_wconf 87' lang='lat' dir='ltr'>cujus</span> <span class='ocrx_word' id='word_1_256' title='bbox 500 4395 641 4480; x_wconf 90' lang='lat' dir='ltr'>quidem</span> <span class='ocrx_word' id='word_1_257' title='bbox 662 4395 781 4480; x_wconf 89' lang='lat' dir='ltr'>scripti</span> <span class='ocrx_word' id='word_1_258' title='bbox 805 4395 915 4460; x_wconf 87' lang='lat' dir='ltr'>forma</span> <span class='ocrx_word' id='word_1_259' title='bbox 939 4397 1094 4482; x_wconf 88' lang='lat' dir='ltr'>sequitur</span> <span class='ocrx_word' id='word_1_260' title='bbox 1117 4397 1152 4462; x_wconf 92' lang='lat' dir='ltr'>in</span> <span class='ocrx_word' id='word_1_261' title='bbox 1175 4397 1259 4462; x_wconf 89' lang='lat' dir='ltr'>haec</span> 
     </span>
     <span class='ocr_line' id='line_1_40' title="bbox 146 4505 329 4569; baseline 0.011 -2"><span class='ocrx_word' id='word_1_262' title='bbox 146 4505 255 4569; x_wconf 87' lang='lat' dir='ltr'>verba</span> <span class='ocrx_word' id='word_1_263' title='bbox 273 4523 329 4568; x_wconf 93' lang='lat'>:-</span> 
     </span>
    </p>
   </div>
   <div class='ocr_carea' id='block_1_8' title="bbox 0 0 1467 5010">
    <p class='ocr_par' dir='ltr' id='par_1_10' title="bbox 0 0 1467 5010">
     <span class='ocr_line' id='line_1_41' title="bbox 0 0 1467 5010; baseline 0 0"><span class='ocrx_word' id='word_1_264' title='bbox 0 0 1467 5010; x_wconf 95' lang='lat' dir='ltr'> </span> 
     </span>
    </p>
   </div>
  </div>
 </body>
</html>
