2918 5010
459 391 663 455 Nonrnamr
688 388 957 453 Convocnrrox.
1200 405 1263 469 240

243 583 405 649 Ollicialis
448 582 601 665 ejusdem
644 579 952 645 Archidiaconatus
995 578 1263 643 Northumbriae

157 711 215 773 per
236 689 415 773 Magistros
434 688 663 751 Cuthbertum
684 683 844 749 Marshall
863 689 897 748 et
917 682 1048 747 Davell.

245 830 403 893 Decanus
421 827 463 892 de
481 826 669 892 Awklande
689 845 749 910 per
767 824 968 910 Magistrum
987 823 1120 888 Davell.

245 970 403 1033 Decanus
421 968 463 1032 de
482 968 659 1032 Dameton
680 965 910 1050 (Darlington)
930 966 1162 1049 personaliter.

244 1112 403 1176 Decanus
420 1110 462 1174 de
479 1109 620 1173 Chester
636 1129 704 1173 non
722 1112 909 1191 comparet.

245 1254 402 1317 Decanus
441 1250 483 1314 de
523 1248 753 1333 Lungchester
790 1269 850 1332 per
888 1247 1020 1313 dictum
1060 1249 1261 1335 magistrum

157 1357 280 1422 Darell.

243 1475 402 1538 Decanus
421 1471 579 1537 ecclesiae
599 1469 813 1535 Cathedralis
829 1469 1042 1534 Carliolensis
1060 1491 1121 1555 per
1141 1470 1261 1556 Magis-

157 1586 248 1643 trum
274 1578 496 1642 Lancelotum
519 1578 639 1641 Shawe
660 1596 776 1640 sacrae
798 1575 988 1660 theologiae
1008 1574 1261 1641 baccalaurium

155 1683 386 1757 exhibentem,
407 1688 471 1746 etc.

244 1825 441 1909 Capitulum
461 1823 615 1907 ejusdem
635 1822 794 1887 eeclesiae
814 1842 874 1906 per
893 1821 1039 1887 eundem
1061 1821 1262 1908 Magistrum

157 1932 276 1995 Shawe
295 1931 525 2001 exhibentem,
546 1936 610 1993 etc.

245 2070 463 2154 Praepositus
487 2068 646 2133 ecclesiae
671 2067 876 2153 Collegiatae
901 2067 943 2131 de
968 2064 1168 2131 Graistocke
1192 2089 1260 2133 non

155 2175 359 2259 comparuit.

244 2305 511 2369 Archidiaconus
535 2302 748 2368 Carliolensis
770 2320 831 2387 per
854 2301 1054 2387 Magistrum
1080 2301 1261 2388 Hugonem

156 2410 274 2475 Sewell
292 2410 521 2486 exhibentem,
542 2415 606 2474 etc.
1023 2400 1028 2407 ’

155 2552 198 2627 t„
243 2538 405 2604 Officialis
420 2539 728 2603 Archidiaconatus
743 2535 956 2601 Carliolensis
971 2556 1040 2601 non
1055 2539 1259 2623 comparuit.

244 2683 359 2746 Clerus
409 2681 562 2764 ejusdem
612 2679 921 2744 Archidiaconatus
972 2700 1031 2764 per
1081 2681 1262 2767 magistros

158 2788 339 2872 Hugonem
358 2785 475 2850 Sewell
495 2793 529 2850 et
548 2786 678 2850 Shawe.

244 2927 463 3012 Praepositus
485 2927 527 2990 de
552 2924 799 3010 Kyrkeoswald
821 2946 883 3010 per
903 2925 1035 2991 dictum
1059 2927 1261 3013 Magistmm

157 3032 338 3117 Hugonem
357 3030 474 3096 Sewell
493 3030 724 3106 exhibentem,
744 3036 809 3093 etc.

244 3175 402 3238 Deeanus
430 3171 588 3237 ecclesiae
616 3169 830 3236 cathedralis
859 3170 1045 3235 Castrensis
1072 3192 1141 3237 non
1169 3193 1260 3239 com·

156 3278 279 3362 paruit.

243 3395 440 3478 Capitulum
491 3393 649 3458 ecclesiae
700 3392 914 3457 cathedralis
965 3392 1151 3458 Cestrensis
1201 3415 1262 3479 per

156 3500 357 3584 magistrum
378 3498 594 3563 Matthaeum
614 3499 723 3562 Buxie
742 3497 902 3563 clericum
921 3498 1152 3576 exhibentem,
1173 3509 1237 3568 etc.

242 3641 530 3705 Archideacomus
553 3640 861 3705 Archidiaconatus
885 3640 1034 3705 Cestriae
1053 3663 1114 3727 per
1129 3643 1261 3709 dictum

157 3746 357 3831 Magistrum
376 3745 593 3809 Matthaeum
613 3745 732 3810 Buxie.

242 3886 357 3950 Clerus
403 3885 711 3951 Archidiaconatus
757 3885 906 3951 Cestriae
953 3906 1014 3970 per
1060 3888 1260 3975 Magistrum

158 3989 342 4054 Ricardum
367 3988 510 4072 Smythe
535 3996 790 4073 procuratorem
813 4011 925 4066 suum,
950 3991 1114 4077 Magistro
1137 3994 1261 4061 Milone

156 4094 263 4159 altero
282 4095 435 4168 absente,
455 4100 490 4156 et
509 4093 668 4158 dominus
687 4095 831 4178 Smythe
850 4095 1018 4173 exhibuit,
1038 4104 1102 4162 etc.

241 4223 512 4288 Archidiaeonus
550 4222 800 4290 Richmondiae
834 4226 990 4291 similiter
1027 4247 1088 4311 per
1114 4229 1261 4296 eundem

157 4329 310 4412 Smythe.

242 4445 359 4510 Clerus
378 4444 532 4528 ejusdem
551 4445 823 4512 Archiaconatus
840 4447 1004 4515 similiter.
