2918 5010
444 351 649 416 Nonrnran
675 350 945 416 Convocnrron.
1191 369 1251 415 111

147 545 276 610 Priores
308 544 438 609 Decani
469 543 656 627 praepositi
684 550 718 608 et
747 544 985 608 Archidiaconi
1018 543 1252 627 personaliter,

144 649 273 735 singula
304 669 386 712 vero
424 648 577 732 capitula
616 647 755 732 collegia
796 655 830 712 et
869 654 1062 712 conventus
1101 648 1253 712 locorum

142 753 337 838 hujusmodi
363 773 423 837 per
439 757 677 836 procuratores
692 752 853 836 singulos,
873 758 1037 837 totusque
1053 753 1162 817 clerus
1179 773 1252 816 ves-

141 865 213 923 trae
229 848 421 922 dioeceseos
439 863 542 940 prout
559 857 826 940 suprascribitur
839 877 899 940 per
911 857 998 921 duos
1015 864 1253 940 procuratores

140 961 344 1028 sufficientes
368 968 402 1024 et
427 960 568 1025 idoneos
592 960 646 1024 die
672 961 838 1035 Mercurii,
865 961 1024 1025 videlicet
1048 967 1174 1045 quarto
1198 961 1253 1026 die

140 1067 265 1131 mensis
292 1064 418 1149 Aprilis
435 1065 590 1149 proxime
607 1066 725 1129 futuro
741 1087 820 1129 cum
836 1065 1097 1130 continuatione
1119 1071 1153 1129 et
1176 1087 1253 1150 pro-

141 1170 317 1255 rogatione
344 1169 476 1233 diemm
504 1170 799 1253 subsequentium,
825 1177 998 1254 quatenus
1023 1190 1109 1253 opus
1137 1171 1251 1244 fuerit,

141 1295 256 1340 coram
293 1274 392 1338 nobis
429 1274 462 1337 in
500 1273 640 1337 ecclesia
679 1273 867 1338 cathedrali
899 1275 989 1338 beati
1025 1274 1116 1338 Petri
1148 1276 1251 1339 Ebor.

141 1379 369 1463 compareatis
390 1385 423 1442 et
448 1384 671 1461 compareant
697 1379 730 1442 in
756 1378 849 1442 dicto
866 1379 1006 1443 consilio
1023 1380 1201 1444 nobiscum
1218 1385 1252 1444 et

141 1505 219 1549 cum
245 1483 407 1568 praelatis
431 1489 466 1546 et
491 1483 771 1566 procuratoribus
787 1483 866 1547 cleri
884 1490 1080 1548 nostrarum
1100 1485 1253 1549 civitatis

140 1588 332 1653 dioeceseos
345 1594 379 1651 et
393 1587 600 1670 provinciae,
613 1607 715 1670 super
731 1587 783 1650 his
799 1608 888 1672 quae
905 1590 1201 1653 conservationem
1218 1599 1252 1653 et

140 1692 372 1756 defensionem
396 1691 555 1755 ecclesiae
576 1698 609 1754 et
631 1691 723 1776 regni
742 1691 995 1775 praedictorum
1014 1713 1053 1757 ac
1069 1699 1202 1758 statum
1218 1699 1253 1757 et

141 1797 336 1861 libertatem
361 1796 521 1859 ecclesiae
533 1804 566 1859 et
583 1797 662 1859 cleri
679 1780 874 1860 nostrarum
893 1797 1045 1861 civitatis
1062 1798 1254 1862 dioeceseos

141 1908 175 1965 et
200 1900 396 1985 provinciae
416 1921 455 1964 ac
475 1907 640 1964 contenta
660 1901 693 1964 in
711 1900 805 1964 dicto
818 1901 912 1964 brevi
931 1901 1022 1985 regio
1042 1909 1253 1966 concernunt

141 2006 239 2070 vobis
258 2005 291 2069 in
318 2011 446 2069 eventu
469 2005 602 2088 plenius
618 2005 871 2088 exponendum,
896 2005 1077 2070 tractaturi
1099 2012 1133 2070 et
1152 2027 1254 2090 super

144 2109 337 2194 praemissis
360 2109 538 2173 consilium
559 2117 712 2174 vestrum
736 2109 918 2193 providum
946 2110 1159 2193 impensuros
1185 2112 1253 2175 fac-

143 2221 237 2279 turos
253 2220 288 2277 et
305 2220 511 2297 recepturos,
529 2214 623 2298 quod
648 2214 760 2297 ipsum
777 2235 911 2278 sacrum
928 2214 1118 2288 consilinm,
1136 2215 1254 2280 divina

143 2325 349 2402 cooperante
395 2318 587 2390 clementia,
631 2318 767 2382 duxerit
812 2318 1041 2383 ordinandum
1088 2321 1254 2405 vobisque

144 2422 283 2487 domino
319 2422 489 2505 Episcopo
526 2422 750 2506 praelatoque
785 2423 874 2486 clero
904 2430 1020 2487 vestro
1055 2424 1255 2490 intimamus

144 2546 300 2610 expresse
321 2526 414 2611 quod
439 2533 558 2590 contra
582 2527 741 2590 absentes
764 2527 796 2590 in
820 2528 929 2591 forma
954 2529 1117 2594 canonica
1141 2551 1256 2614 proce-

144 2631 274 2705 demus,
292 2630 417 2694 nullius
438 2631 484 2693 sic
505 2630 657 2693 absentis
677 2632 933 2696 excusationem
954 2632 1173 2709 admissuros,
1191 2635 1254 2699 nisi

143 2742 314 2820 quatenus
341 2755 404 2798 nos
434 2735 478 2798 ad
512 2736 575 2798 hoc
609 2736 799 2799 artaverint
833 2738 1016 2801 canonicae
1049 2740 1253 2817 sanctiones

144 2839 366 2904 Dennncietis
379 2840 517 2923 insuper
527 2860 586 2903 seu
598 2839 795 2904 denunciari
811 2841 945 2905 faciatis
959 2843 992 2907 in
1003 2864 1124 2927 genere
1135 2846 1256 2910 ceteris

144 2945 303 3009 omnibus
316 2950 349 3007 et
366 2944 506 3027 singulis
522 2949 716 3008 vestrarum
733 2946 885 3009 civitatis
901 2953 934 3009 et
949 2946 1140 3011 dioeceseos
1150 2951 1209 3033 qui
1221 2972 1256 3014 se

144 3055 306 3135 gravatos
325 3049 490 3112 senserint
512 3069 616 3132 qnam
638 3049 671 3112 in
688 3049 824 3113 casibus
844 3050 908 3112 illis
927 3072 1074 3134 quorum
1091 3055 1255 3119 correctio

144 3175 203 3218 seu
215 3154 414 3217 reformatio
425 3153 469 3217 ad
480 3152 666 3217 Consilium
680 3154 877 3236 hujusmodi
888 3155 1057 3237 pertinere
1068 3156 1257 3223 dinoscitur

145 3258 320 3324 audientia
348 3257 467 3321 efficax
496 3278 556 3341 per
582 3258 736 3322 divinam
764 3259 981 3323 clementiam
1009 3261 1056 3323 eis
1083 3261 1116 3324 in
1145 3262 1255 3328 forma

145 3363 262 3427 debita
288 3363 494 3426 concedetur
520 3370 553 3425 et
581 3362 638 3425 fiet
666 3364 712 3425 eis
739 3364 771 3427 in
799 3364 958 3428 omnibus
983 3364 1138 3448 justitiae
1164 3388 1255 3431 com-

145 3468 367 3552 plementum.
416 3468 466 3530 De
504 3467 558 3529 die
593 3488 674 3531 vero
712 3468 914 3551 receptionis
951 3471 1182 3552 praesentium
1220 3479 1254 3536 et

146 3573 227 3657 quid
256 3572 289 3636 in
318 3572 511 3655 praemissis
540 3573 696 3646 feceritis,
726 3593 855 3636 necnon
885 3573 926 3637 de
953 3574 1056 3638 modo
1082 3582 1116 3638 et
1145 3577 1255 3641 forma

146 3677 270 3761 quibus
303 3696 462 3759 praesens
493 3675 697 3740 mandatum
730 3678 864 3740 executi
898 3678 1040 3752 fueritis,
1067 3700 1129 3743 nos
1154 3680 1256 3745 dictis

147 3781 200 3844 die
231 3788 264 3843 et
296 3780 370 3844 loco
401 3781 563 3844 distincte
594 3788 627 3844 et
660 3788 777 3864 aperte
808 3782 1001 3845 certificetis
1033 3804 1092 3867 per
1122 3793 1255 3850 vestras

147 3885 261 3948 literas
286 3892 445 3968 patentes
470 3886 591 3948 barum
617 3885 736 3948 seriem
762 3893 795 3949 et
821 3887 960 3951 nomina
985 3888 1170 3953 citatorum
1196 3911 1256 3974 per

147 4010 208 4053 vos
230 3990 263 4053 in
286 3990 349 4053 hac
372 3996 469 4072 parte
493 3990 624 4072 plenius
646 3990 871 4055 continentes,
920 3991 1041 4056 Valeat
1064 3993 1255 4059 diutissime

147 4100 260 4157 vestra
282 4113 361 4157 cara
384 4094 581 4157 fraternitas
602 4094 634 4157 in
659 4094 804 4158 Domine
826 4094 908 4176 Jesu
931 4094 1073 4159 Christo.
1124 4097 1255 4162 Datum

147 4198 180 4261 in
202 4199 353 4262 manerio
374 4205 491 4261 nostro
510 4198 612 4281 juxta
633 4198 977 4263 Westmonasterium
997 4200 1037 4263 νΟ
1057 4200 1110 4264 die
1131 4203 1256 4266 mensis

149 4301 260 4366 Martii
289 4320 359 4367 ao.
390 4320 483 4383 1379,
511 4311 544 4365 et
572 4308 709 4366 nostrae
725 4304 991 4368 consecrationis
1008 4312 1117 4369 sexto.
1165 4306 1255 4391 Quo·

149 4407 235 4472 circa
262 4428 415 4495 eaquae
442 4407 673 4472 defensionem
699 4414 732 4471 et
761 4408 947 4473 utilitatem
976 4409 1077 4493 Regis
1102 4417 1136 4474 et
1163 4414 1255 4500 regni
