2918 5010
451 371 656 439 Noniusnu
676 372 947 439 convocnnon.
1191 388 1253 454 205

139 567 258 651 niiijum
283 566 375 631 diem
398 565 553 649 ejusdem
578 565 704 630 mensis
728 566 875 651 Augusti
902 566 945 631 de
972 566 1093 632 diebus
1120 567 1155 632 in
1182 566 1255 631 dies

139 671 346 736 continuata
393 670 601 755 congregati,
649 672 859 735 auctoritate
898 672 1096 755 hujusmodi
1137 692 1254 736 sacrae

139 775 251 840 sinodi
266 795 399 840 necnon
414 774 568 838 omnium
584 775 817 858 praelatorum
832 783 866 838 et
883 776 991 840 totius
1004 775 1084 840 cleri
1099 776 1253 859 ejusdem

140 899 308 945 consensu
332 887 367 944 et
392 900 533 945 assensu
557 879 816 954 ordinaverunt,
841 879 1078 952 decreverunt.
1104 887 1138 945 et
1162 888 1252 944 stat-

141 991 253 1059 erunt,
289 984 384 1070 quod
415 983 650 1048 serenissimus
686 985 844 1068 princeps
877 992 911 1047 et
944 984 1104 1049 dominus
1138 992 1255 1049 noster

140 1109 321 1174 supremus
377 1088 547 1153 Henricus
603 1088 665 1152 Dei
721 1089 833 1172 gratia
890 1087 964 1153 Rex
1020 1089 1163 1174 Angliae
1218 1096 1252 1154 et

142 1192 306 1257 Franciae
342 1201 377 1255 et
413 1191 574 1256 dominus
611 1189 797 1255 Hiberniae
834 1191 1092 1268 illustrissimus,
1130 1213 1254 1278 proper

141 1303 252 1361 certas
270 1317 392 1361 causas
411 1302 446 1360 et
469 1294 760 1360 considerationes
782 1303 865 1361 tunc
887 1317 1074 1381 expressas,
1098 1298 1251 1362 omnium

140 1401 333 1476 missarum,
356 1401 562 1474 orationum,
589 1401 809 1484 jejuniorum,
832 1401 1036 1487 vigiliarum,
1058 1401 1252 1487 disciplina·

142 1523 228 1579 rum,
248 1505 416 1569 bonorum
434 1525 587 1590 operum,
605 1526 695 1590 quae
713 1505 747 1570 in
765 1506 899 1570 cunctis
916 1506 1020 1590 hujus
1037 1508 1131 1592 regni
1148 1508 1252 1572 sacris

141 1607 294 1683 aedibus,
310 1616 384 1674 tam
399 1609 655 1675 cathedralibus
668 1630 774 1695 quam
790 1611 1001 1696 regularibus
1015 1618 1050 1676 et
1065 1612 1253 1698 collegiatis

141 1712 299 1787 ecclesiis,
324 1714 494 1798 exemptis
520 1721 555 1779 et
582 1735 651 1780 non
676 1715 856 1798 exemptis,
882 1734 943 1799 per
967 1716 1049 1780 inibi
1077 1717 1252 1782 ministros

141 1819 273 1902 operari
297 1826 357 1883 aut
382 1820 452 1883 heri
476 1819 675 1904 dignabitur
697 1820 879 1884 clementia
902 1818 1095 1894 salvatoris,
1120 1826 1193 1884 tam
1217 1819 1251 1883 in

141 1924 225 2000 vita,
242 1944 348 2009 quam
369 1930 448 2008 post
468 1930 614 1988 mortem
634 1925 807 2008 particeps
822 1924 897 1999 erit,
915 1944 955 1987 ac
974 1924 1251 1989 communionem

141 2034 175 2092 et
207 2028 507 2112 participationem
538 2028 680 2092 habebit
719 2034 936 2111 perpetuam,
968 2033 1140 2112 quantum
1172 2049 1251 2092 cum

142 2132 215 2196 Deo
233 2141 383 2216 possent,
403 2131 642 2206 concesserint,
661 2139 697 2195 et
721 2132 834 2216 largiti
859 2131 1009 2207 fuerint;
1035 2130 1248 2214 adjicientes,

140 2235 307 2300 similibus
324 2256 492 2302 consensu
510 2244 544 2302 et
563 2257 714 2311 assensu,
733 2236 827 2321 quod
846 2236 880 2300 in
898 2235 1130 2321 qualicunque
1148 2236 1251 2301 missa

141 2339 318 2424 principali
347 2339 391 2404 ad
420 2340 533 2424 majus
560 2341 633 2405 sive
660 2360 835 2405 summum
863 2339 972 2404 altare
1000 2339 1249 2423 supradictum,

139 2464 245 2529 quam
282 2444 340 2527 (in)
377 2444 627 2509 cathedralium
658 2465 764 2529 quam
796 2443 1001 2529 regularium
1033 2443 1250 2510 ecclesiarum

140 2568 320 2612 numerum
349 2548 511 2612 tredecim
540 2549 699 2612 vivorum
727 2548 926 2612 clericorum
955 2549 1160 2613 habentium
1188 2570 1249 2633 per

140 2671 378 2736 quemcunque
413 2651 539 2716 ibidem
573 2652 845 2717 ministrantium
879 2658 973 2716 certa
1007 2653 1181 2718 orationes
1214 2661 1248 2718 et

140 2756 301 2841 suffragia
345 2775 407 2840 pro
453 2756 558 2840 ipsius
604 2756 733 2821 domini
778 2756 885 2821 nostri
933 2757 1020 2841 regis
1059 2757 1171 2822 salute
1215 2764 1249 2822 et

140 2858 386 2934 incolumitate,
405 2879 635 2946 prosperoque
651 2867 747 2925 statu
765 2868 799 2925 et
822 2861 910 2925 felici
927 2882 1095 2937 successu,
1114 2861 1249 2927 dum-in

139 2963 298 3028 humanis
321 2964 448 3049 egerit:
484 2965 618 3050 aliaque
649 2964 814 3029 nonnulla
846 2971 929 3029 tunc
952 2965 1058 3029 etiam
1081 2965 1115 3029 in
1139 2965 1251 3048 specie

140 3066 328 3152 designata,
353 3076 538 3154 postquam
564 3070 608 3132 ab
632 3070 696 3133 hac
720 3070 794 3133 luce
818 3069 1028 3153 migraverit,
1053 3069 1251 3134 solemniter

139 3172 330 3256 legerentur
349 3180 382 3236 et
404 3173 534 3248 herent,
556 3179 658 3256 prout
684 3172 718 3237 in
741 3173 827 3238 actis
849 3171 1086 3245 ordinationis,
1110 3171 1248 3247 decreti,

139 3277 274 3351 statuti,
310 3283 345 3341 et
379 3277 605 3341 concessionis
639 3276 838 3360 hujusmodi
873 3275 1007 3360 plenius
1040 3275 1248 3351 continetur,

139 3379 237 3462 cujus
269 3386 422 3444 tenorem
454 3381 598 3445 totalem
628 3401 777 3445 unacum
805 3380 974 3445 mandato
1001 3377 1045 3442 ad
1073 3379 1249 3462 publican-

139 3483 222 3556 dum
246 3485 307 3549 has
330 3485 595 3550 constitutiones
618 3485 855 3570 provinciales,
873 3490 936 3548 etc.
983 3485 1114 3549 Datum
1139 3496 1174 3566 50
1195 3484 1250 3550 die

141 3588 253 3652 Martii
274 3606 345 3654 nn.
364 3605 467 3654 univ,

259 3729 342 3790 cviii.
394 3729 421 3788 A
445 3729 663 3790 Convocation
684 3748 749 3790 was
775 3729 849 3790 held
875 3728 908 3788 in
930 3728 1017 3789 York
1044 3748 1085 3789 on
1113 3729 1168 3789 the
1189 3729 1246 3809 7th

184 3825 357 3905 February,
373 3839 461 3904 1509.

260 3948 322 4008 cix.
365 3947 393 4006 Α
408 3945 513 4026 Royal
528 3946 611 4007 Writ
625 3966 690 4008 was
705 3946 877 4008 addressed
893 3953 927 4007 to
943 3947 998 4008 the
1017 3946 1196 4008 Guardians
1213 3948 1248 4008 oi

177 4043 232 4103 the
241 4042 466 4121 Spiritualities
478 4042 512 4102 ol
521 4042 609 4102 York
621 4043 653 4102 in
664 4043 719 4103 the
728 4043 864 4103 absence
873 4042 994 4103 abroad
1004 4042 1037 4102 of
1046 4042 1247 4122 Archbishop

178 4138 380 4216 Bainbridge,
401 4138 605 4216 summoning
625 4138 845 4199 Convocation
867 4144 901 4198 to
922 4145 1006 4198 meet
1027 4156 1070 4198 on
1092 4138 1147 4198 the
1168 4137 1246 4199 zoth

178 4234 277 4313 April,
312 4248 400 4310 1511.
442 4234 519 4295 This
551 4233 770 4298 Convocation
802 4251 867 4293 was
899 4232 1077 4310 prorogucd
1110 4232 1157 4292 till
1190 4234 1246 4294 the

179 4331 254 4408 14th
270 4330 425 4409 January,
441 4344 529 4406 1512,
543 4329 608 4389 and
623 4329 710 4397 then,
723 4348 765 4388 on
780 4329 836 4388 the
848 4327 906 4405 4th
922 4329 1095 4406 February,
1109 4327 1133 4387 it
1148 4330 1246 4390 voted

179 4427 266 4488 three
282 4426 383 4487 whole
401 4426 520 4497 tenths,
538 4425 594 4485 the
610 4424 680 4485 first
696 4433 732 4484 to
749 4424 788 4483 be
805 4422 882 4504 paid
897 4442 939 4483 on
956 4424 1011 4484 the
1029 4423 1125 4483 Feast
1141 4423 1174 4482 oi
1191 4424 1246 4485 the
