2962 5002
490 380 691 447 Nonrunnu
724 379 993 446 Convocnrrou.

721 587 751 656 6

184 715 260 778 Tim
307 731 403 778 nonu
449 731 493 777 or
538 729 697 776 rreeemo
741 729 904 776 rer-:conns
946 730 991 776 or
1033 712 1289 777 Convocnrron

270 836 374 883 since
400 819 535 881 Heunr
561 816 680 881 VIII's
706 834 790 880 our.

262 960 353 1035 [Acta
370 960 394 1020 C
396 959 603 1019 onvocalr'onis
620 957 721 1026 libor„
740 958 943 1036 liuto-1678}

271 1119 340 1182 Dru
364 1118 547 1181 llerecuurr
571 1131 629 1181 20⁰
650 1117 713 1178 viz.
737 1116 790 1178 die
813 1116 937 1179 mensis
960 1116 1085 1199 Aprilis
1107 1132 1178 1180 no.
1206 1115 1290 1198 1640

183 1224 216 1286 in
236 1224 339 1287 domo
358 1222 547 1305 Capitulari
561 1221 649 1284 infra
662 1219 839 1283 ecclesiam
852 1218 1091 1283 Cathedralem
1111 1225 1146 1282 et
1166 1220 1290 1284 Metro-

183 1327 373 1411 politanum
410 1326 528 1390 Sancti
568 1325 659 1388 Petri
697 1325 799 1388 Ebor.
834 1323 923 1386 inter
959 1324 1059 1387 horas
1094 1344 1221 1388 nonam
1258 1330 1293 1388 et

183 1432 399 1497 undecimam
421 1437 502 1495 ante
522 1429 698 1493 meridiem
722 1428 876 1511 ejusdem
897 1429 963 1492 diei
984 1449 1100 1493 coram
1122 1428 1292 1493 Reveren-

183 1536 323 1601 dissimo
347 1536 382 1600 in
407 1535 543 1599 Christo
568 1541 665 1618 patre
689 1539 724 1597 et
748 1532 889 1597 domino
913 1533 1062 1598 Domino
1088 1532 1293 1598 Richardo*
1378 1591 1381 1594 ⁴

184 1641 302 1705 eadem
338 1640 450 1725 gratia
482 1640 584 1702 Ebor.
614 1637 879 1721 Archiepiscopo
910 1637 1053 1723 Angliae
1085 1637 1228 1702 Primati
1257 1644 1292 1701 et

185 1744 450 1828 Metropolitano
479 1743 728 1827 inpraesentia
755 1741 914 1806 Willelmi
942 1741 1093 1806 Turbutt
1125 1741 1292 1827 Arrnigeri

184 1848 337 1932 ejusdem
380 1847 665 1912 Reverendissimi
707 1846 814 1930 patris
856 1845 1054 1929 Registrarii
1097 1845 1294 1929 principalis

184 1954 318 2037 meique
342 1952 512 2018 Guilielmi
533 1953 557 2015 1³
560 1972 632 2016 reer
650 1950 784 2015 Notarii
803 1950 940 2034 publici.

273 2117 427 2200 synodus
464 2117 531 2180 sioe
563 2117 687 2180 Corroo-
828 2114 960 2198 Quibus
977 2114 1031 2178 die
1056 2115 1147 2177 horis
1164 2121 1199 2178 et
1216 2113 1291 2178 loco

185 2222 269 2287 colio
305 2221 521 2305 provincialis
552 2221 687 2284 Praela—
740 2219 874 2303 publice
916 2219 1166 2303 praeconizatis
1202 2220 1293 2284 trina

186 2334 291 2391 lorum
352 2332 380 2388 et
441 2325 529 2388 Cleri
589 2325 689 2388 totius
741 2325 813 2387 vice
863 2324 1022 2388 omnibus
1068 2331 1102 2387 et
1153 2324 1294 2409 singulis

187 2429 376 2514 prouinciae
426 2429 569 2492 Eliorum
615 2450 689 2492 con·
741 2429 892 2513 personis
908 2429 1203 2494 ecclesiasticisin
1228 2430 1292 2494 hac

186 2535 337 2599 tinuatur
368 2540 396 2597 et
428 2540 621 2617 prorogatur
652 2533 689 2596 io
741 2533 995 2598 Convocatione
1021 2534 1094 2598 istis
1122 2533 1176 2598 die
1201 2534 1293 2597 horis

188 2639 244 2702 lios
271 2638 357 2702 diem
388 2639 484 2701 horos
513 2644 540 2701 et
571 2638 688 2711 locum,
741 2646 775 2702 et
804 2639 877 2701 loco
902 2639 1063 2702 interesse
1087 2637 1294 2702 debentibus

188 2750 215 2807 et
249 2743 307 2827 qui
337 2764 404 2806 oon
438 2748 690 2825 comparuerunt
742 2743 846 2826 aliqui
903 2749 1170 2826 comparuerunt
1219 2763 1294 2826 per-

188 2848 454 2930 pronunciantur
475 2853 689 2921 contumaces,
742 2847 914 2921 sonaliter,
944 2847 999 2911 alii
1038 2867 1098 2930 per
1135 2867 1294 2931 procura-

189 2959 293 3035 poena
325 2973 436 3015 eorum
463 2958 622 3015 reservato
654 2950 691 3013 r‘rr
744 2959 834 3015 tores
879 2957 913 3014 et
958 2952 1167 3016 substitutos
1216 2972 1296 3016 suos

189 3055 275 3120 hunc
292 3055 389 3119 diem.
743 3056 893 3140 legitime
924 3056 1142 3131 constitutos,
1177 3056 1297 3140 reliqui

189 3181 270 3224 vero
315 3160 408 3224 nullo
450 3160 553 3224 modo
597 3167 874 3244 comparuerunt,
917 3165 1019 3242 prout
1060 3160 1094 3223 in
1135 3160 1298 3224 schedula

190 3264 268 3329 inde
320 3264 476 3328 contecta
529 3265 661 3347 plenius
718 3264 825 3348 liquet
880 3270 915 3326 et
966 3271 1120 3347 apparet.
1199 3263 1298 3328 Unde

189 3368 303 3433 dictus
325 3368 483 3432 dominus
505 3368 800 3452 Archiepiscopus
824 3367 887 3431 rite
915 3373 949 3430 et
981 3366 1072 3431 licite
1099 3366 1296 3450 procedens,

189 3473 431 3557 pronunciavit
467 3493 585 3536 omnes
620 3480 654 3536 et
689 3472 840 3557 singulos
875 3473 936 3534 hos
971 3471 1030 3554 qui
1066 3471 1160 3536 nullo
1195 3470 1298 3536 modo

190 3584 468 3661 comparuerunt,
491 3584 712 3640 contumaces
728 3584 762 3640 et
780 3597 896 3640 eorum
915 3575 1104 3660 quemlibet
1120 3583 1300 3640 conturna·

190 3702 264 3746 cem
297 3690 331 3745 et
371 3683 405 3745 in
443 3702 553 3764 poena
590 3681 886 3746 conttrmaciarum
923 3701 1063 3745 suarum
1102 3680 1300 3764 hujusmodi

191 3785 342 3850 decrevit
358 3785 611 3869 procedendum
626 3786 697 3849 lore
712 3785 746 3849 in
761 3786 824 3848 hoc
839 3785 987 3868 negotio,
1004 3805 1121 3849 eorum
1136 3785 1301 3849 absentiis

191 3890 263 3953 sive
286 3890 512 3954 contumaciis
537 3890 571 3953 in
596 3890 711 3973 aliquo
736 3910 804 3953 non
829 3889 1059 3962 obstantibus
1086 3909 1301 3972 poenamque

191 3994 487 4059 coutumaciarum
510 4014 649 4058 suarum
674 3993 871 4076 hujusmodi
896 4014 1003 4076 usque
1027 3993 1071 4056 ad
1094 3999 1129 4056 et
1152 3993 1186 4057 in
1209 3993 1301 4058 diem

264 4161 278 4190 *
301 4161 420 4209 Richard
445 4160 522 4208 Neile
546 4161 629 4223 (Abp.
659 4161 833 4221 1632--164ol,
859 4160 929 4206 lrom
952 4175 968 4207 a
991 4173 1058 4221 poor
1081 4159 1136 4220 boy
1159 4162 1189 4206 at
1212 4158 1301 4207 West·

194 4240 308 4288 minster
328 4241 435 4294 School‚
457 4255 542 4295 came,
559 4239 678 4301 through
700 4240 799 4287 lavour
818 4239 846 4285 ol
866 4238 913 4286 the
933 4237 1026 4293 Cecils,
1047 4242 1077 4285 to
1096 4238 1130 4284 be
1151 4237 1255 4300 Bishop
1274 4237 1303 4286 ot

195 4320 354 4372 Rochester‚
369 4321 510 4382 Coventry
524 4320 578 4367 and
594 4318 735 4373 Lichfield,
752 4318 885 4371 Durham,
901 4317 956 4365 and
972 4317 1042 4379 Abp.
1058 4316 1087 4364 ol
1100 4316 1186 4370 York‚
1201 4331 1217 4364 a
1237 4330 1301 4365 man

194 4400 256 4448 who
279 4405 390 4447 “never
413 4399 540 4463 attainpd
568 4403 598 4446 to
619 4397 702 4445 much
726 4396 849 4461 learning
871 4393 988 4450 himself,
1013 4395 1065 4444 but
1087 4395 1142 4443 had
1166 4399 1225 4443 tact
1247 4396 1303 4443 and

194 4477 318 4528 business
332 4479 440 4542 ability‚
455 4479 510 4527 and
524 4492 580 4526 was
593 4474 733 4542 generally
747 4475 892 4543 popular.''
