2918 5010
214 388 278 452 ²50
600 373 773 438 Recouus
797 392 842 439 or
866 393 937 440 rna

302 563 491 647 Episcopus
534 563 728 628 Robertus*
769 567 967 632 Sudorensis
1014 589 1074 653 per
1122 570 1337 658 Magistrum

215 671 401 736 Ricardum
421 673 566 756 Smythe
584 673 816 747 exhibentem,
837 679 901 736 etc.

300 814 497 897 Capitulum
516 814 675 879 ecclesiae
695 813 907 878 cathedralis
925 834 993 878 non
1013 817 1252 900 comparuit.†

300 956 569 1021 Archidiaconus
604 957 761 1021 Manniae
797 977 856 1040 per
891 956 1091 1042 Magistrum
1127 957 1333 1027 Gallridum

213 1063 358 1126 Downes
400 1062 619 1126 exhibentem
662 1061 935 1145 procuratorium
977 1061 1070 1146 apud
1114 1062 1248 1150 Regem
1294 1073 1331 1132 et

212 1167 291 1231 iecit
308 1187 343 1230 se
361 1172 494 1250 partem
512 1186 573 1250 pro
589 1165 720 1240 eodem,
738 1172 802 1229 etc.

298 1294 413 1359 Clerus
433 1294 587 1377 ejusdem
607 1294 915 1360 Archidiaconatus
934 1317 1002 1361 non
1021 1299 1229 1381 comparuit.

299 1425 340 1487 ln
369 1425 437 1486 Dar
467 1440 620 1497 noanxa,
649 1423 769 1488 Auuu.
818 1425 890 1489 Nos
916 1425 1092 1508 Johannes
1119 1426 1327 1514 Rookebye,

209 1529 321 1613 legum
342 1527 472 1600 doctor,
493 1527 778 1592 Reverendissimi
800 1530 833 1592 in
854 1529 989 1594 Christo
1006 1530 1114 1619 patris
1134 1539 1169 1595 et
1189 1531 1327 1599 domini

209 1633 337 1698 domini
371 1632 513 1696 Roberti
545 1632 765 1715 permissione
796 1632 914 1697 divina
946 1633 1170 1700 Eboraceusis
1201 1636 1326 1702 Archi·

208 1737 357 1822 episcopi
390 1736 532 1821 Angliae
566 1736 723 1819 primatis
754 1744 789 1800 et
822 1736 1078 1820 metropolitani
1110 1740 1326 1806 auctoritate

208 1842 337 1908 domini
375 1841 482 1907 nostri
520 1840 649 1905 domini
688 1841 827 1905 Henrici
869 1841 993 1905 Octavi
1030 1859 1063 1906 u.
1097 1859 1130 1907 G.
1163 1844 1323 1930 Angliae‚

208 1948 371 2012 Franciae
393 1954 427 2010 et
450 1946 635 2010 Hiberniae
658 1945 770 2030 Regis,
794 1944 872 2009 fidei
894 1944 1090 2020 defensoris,
1113 1953 1147 2012 et
1170 1948 1204 2012 in
1228 1955 1323 2016 terra

208 2053 366 2117 ecclesiae
399 2050 607 2135 Anglicanae
639 2057 673 2113 et
707 2050 913 2113 Hibemicae
942 2051 1091 2134 supremi
1119 2052 1255 2136 capitis,
1285 2062 1322 2120 et

208 2157 357 2242 legitime
389 2155 528 2219 fulcitus
559 2155 714 2218 Vicarius
745 2154 779 2217 in
815 2153 1051 2236 spiritualibus
1086 2157 1254 2239 generalis
1284 2167 1322 2224 et

207 2260 359 2326 officialis
400 2259 595 2343 principalis
635 2259 669 2321 in
711 2258 775 2322 hac
814 2278 911 2322 sacra
951 2257 1205 2323 Convocatione
1246 2262 1322 2327 sive

206 2365 346 2430 consilio
371 2362 569 2447 provinciali
595 2362 854 2426 Commissarius
877 2362 1083 2427 sufficienter
1105 2370 1140 2426 et
1164 2363 1318 2449 legitime

206 2470 405 2553 deputatus.
428 2468 557 2531 Omnes
579 2473 614 2529 et
638 2466 788 2551 singulas
814 2486 976 2550 personas
1000 2466 1245 2533 ecclesiasticas
1270 2471 1316 2536 ad

207 2575 269 2638 hos
279 2573 369 2638 diem
380 2579 414 2635 et
426 2571 538 2636 locum
551 2570 821 2635 interessendum
833 2571 867 2634 in
879 2571 942 2635 hac
953 2592 1048 2635 sacra
1060 2571 1317 2641 Convocatione

207 2684 348 2742 vocatas
383 2676 637 2759 praeconisatas
671 2682 872 2758 expectatos
906 2682 940 2738 et
975 2696 1042 2739 non
1077 2686 1318 2760 comparentes

208 2781 472 2867 pronunciamus
495 2801 551 2843 eas
573 2786 606 2842 et
630 2801 747 2843 earum
769 2779 958 2863 quamlibet
981 2787 1201 2844 contumaces
1223 2788 1257 2845 et
1281 2783 1316 2848 in

208 2908 354 2972 poenam
389 2885 660 2948 contumacionis
694 2905 833 2948 suarum
871 2883 1067 2965 hujusmodi
1102 2885 1317 2952 decrevimus

207 2990 460 3077 procedendum
474 2989 542 3053 lore
554 2989 598 3052 ad
610 2988 805 3053 ulteriorem
819 2995 1012 3071 temporum
1030 2990 1070 3068 (Ρ)
1089 2991 1317 3056 contumaciis

206 3099 277 3162 sive
304 3096 467 3160 absentiis
491 3117 557 3158 nou
585 3094 815 3158 obstantibus,
876 3093 920 3157 Et
949 3092 1142 3158 ulteriorem
1167 3115 1316 3178 poenam

207 3202 502 3269 contumaciarum
524 3220 663 3264 suarum
687 3197 885 3281 hujusmodi
907 3217 966 3280 per
987 3219 1048 3260 nos
1070 3198 1316 3282 imponendam

208 3331 314 3394 usque
346 3306 389 3370 ad
423 3314 456 3369 et
490 3306 522 3369 in
556 3304 665 3386 xxvj¹¹¹
701 3303 790 3366 diem
824 3301 948 3365 mensis
980 3302 1134 3383 Januarii
1160 3305 1315 3387 proxime

209 3415 363 3479 [uturum
382 3430 593 3475 reservamus
611 3408 645 3471 in
664 3407 715 3470 his
733 3407 878 3489 scriptis.

296 3543 398 3605 Lecta
416 3539 479 3602 luit
499 3535 694 3620 hujusmodi
712 3535 873 3600 schedula
891 3556 950 3617 per
966 3534 1097 3599 dictum
1112 3537 1315 3620 Magistrum

208 3650 378 3733 Rogerum
400 3643 572 3706 Rookehie
591 3661 705 3705 meuse
723 3641 777 3704 die.
795 3661 885 3703 anno
904 3647 937 3702 et
956 3640 1030 3703 loco
1049 3642 1240 3724 praedictis.

670 3831 852 3895 cxxxll.

207 3973 283 4038 Tur
318 3985 412 4034 ronu
448 3984 492 4031 or
534 3981 650 4028 suun*
688 3980 734 4026 ou
774 3977 842 4024 ruu
880 3961 977 4022 Aera
1013 3977 1057 4022 or
1093 3977 1139 4023 xx
1174 3977 1313 4025 ,rernm

295 4090 455 4139 uuuuxr.
488 4088 532 4133 or
565 4069 833 4136 cosroe-uros,
859 4081 930 4128 au.
959 4080 1041 4145 1545

1047 4116 1052 4127 ι

1023 4131 1029 4143 ἱ

295 4208 440 4271 Ductruo
468 4217 611 4278 nemun
640 4198 693 4261 die
723 4196 846 4260 mensis
876 4194 1081 4265 Decembris,
1112 4212 1182 4257 au.
1217 4210 1311 4275 1545,

205 4338 244 4380 ac
273 4312 364 4397 regni
393 4302 666 4371 excellentissimi
700 4302 732 4366 in
765 4300 898 4363 l'hristo
930 4299 1091 4382 principis
1119 4305 1152 4360 et
1182 4298 1312 4362 domini

294 4465 304 4484 “
328 4462 356 4508 lu
371 4476 388 4509 a
400 4463 593 4520 cotcmporary
609 4451 691 4500 haud.
766 4450 780 4498 t
802 4447 901 4497 Struclr
917 4447 1046 4510 through.
