2918 5010
428 384 632 450 Nonrnaan
658 382 927 450 Convocarron.
1169 397 1234 467 297

123 578 262 662 Synodo
299 577 487 662 praedicta,
526 576 723 660 reliquaque
761 575 794 639 in
832 564 873 640 e'x
910 581 1008 660 parte
1044 574 1233 640 necessaria

123 682 347 767 expediendo,
370 702 459 766 quae
482 688 635 764 tempore
657 679 892 764 deputationis
913 680 985 744 sive
1007 678 1232 764 procuratorii

122 786 288 871 praedicti
321 787 379 861 sic,
420 793 458 849 ut
496 784 741 869 praemittitur,
780 783 873 858 lacti,
915 806 983 848 non
1020 784 1122 849 luerit
1154 803 1233 868 pars

123 899 206 955 nata
242 889 506 955 Convocationis
544 888 616 952 sive
653 887 782 971 Synodi
820 888 1025 972 praedictae,
1060 887 1114 952 vel
1150 887 1234 952 alias

123 1016 184 1080 pro
224 1001 322 1079 parte
359 994 432 1057 sive
470 993 625 1056 membro
664 991 819 1076 ejusdem
855 991 1004 1077 legitime
1036 993 1158 1068 electi;
1183 993 1234 1057 ita

123 1099 217 1184 quod
238 1120 383 1183 persona
402 1098 451 1162 sic
471 1098 640 1182 deputata
660 1096 732 1160 sive
752 1097 942 1161 constituta
963 1118 1024 1182 pro
1045 1103 1142 1181 parte
1162 1097 1234 1161 sive

125 1205 279 1269 membro
312 1201 577 1268 convocationis
609 1201 681 1265 sive
716 1201 846 1285 Synodi
886 1201 1081 1286 praedictae
1115 1202 1232 1266 haberi

124 1309 248 1373 debeat
268 1307 323 1372 vel
341 1307 438 1372 non?

212 1463 307 1546 Quae
328 1460 562 1526 controversia
581 1459 629 1524 sic
650 1461 826 1544 proposita
848 1459 967 1524 multis
991 1460 1112 1526 diebus
1140 1462 1234 1546 prius

125 1566 287 1651 pensatis,
309 1587 348 1630 ac
368 1564 522 1650 diligenti
542 1570 577 1627 et
597 1569 734 1628 matura
753 1563 998 1629 deliberatione
1019 1566 1232 1650 praehabita,

124 1671 238 1736 dictus
261 1668 465 1735 venerabilis
490 1669 543 1733 vir
566 1668 743 1751 Johannes
768 1668 865 1732 Scott
891 1669 1005 1734 S.T.P.
1033 1670 1233 1735 Praesidens

124 1775 320 1841 antedictus
350 1774 392 1838 de
422 1778 457 1837 et
487 1794 566 1838 cum
596 1793 763 1838 consensu
793 1773 998 1858 collegarum
1028 1795 1167 1840 suorum
1198 1777 1232 1841 in

124 1881 188 1945 hac
212 1886 309 1964 parte
333 1900 372 1943 ac
396 1878 604 1962 reliquorum
628 1877 782 1942 omnium
806 1878 840 1941 in
863 1876 957 1942 dicta
980 1878 1234 1946 Convocatione
1310 1871 1313 1877 ’

124 1985 195 2049 sive
228 1983 367 2068 Synodo
400 1982 686 2056 interessentium,
721 2003 761 2046 ac
791 1981 954 2067 suffragia
986 1982 1020 2046 in
1058 2005 1098 2048 ea
1136 1993 1234 2069 parte

125 2088 339 2164 habentium,
361 2087 496 2152 nemine
519 2086 727 2151 reclamante
748 2085 820 2150 sivo
841 2085 1063 2151 dissentiente
1084 2088 1234 2155 declara-

126 2193 218 2257 tione
255 2191 381 2256 luturis
418 2190 632 2275 temporibus
669 2196 835 2275 perpetuo
872 2190 1029 2255 valetura
1065 2195 1234 2277 con[sen]-

124 2286 253 2362 serunt'
273 2303 376 2380 prout
410 2295 566 2381 sequitur
581 2294 805 2359 :—neminem
836 2294 963 2359 scilicet
991 2297 1235 2363 auctoritatem

124 2402 196 2465 sive
229 2407 438 2485 potestatem
471 2400 596 2464 habere
629 2398 841 2474 nominandi,
875 2398 1020 2485 eligendi
1051 2401 1123 2466 sive
1155 2425 1234 2468 con-

124 2505 291 2571 stituendi
311 2505 461 2589 aliquem
485 2524 665 2588 personam
690 2510 893 2568 extraneam
917 2504 1123 2589 deputatam
1145 2528 1235 2572 com-

43 2623 46 2626 *
124 2610 316 2674 missarium
333 2609 405 2673 sive
422 2614 679 2693 procuratorem
695 2627 807 2684 suum,
826 2607 869 2673 ad
887 2609 1155 2694 comparendum
1172 2633 1235 2698 pro

124 2735 159 2778 se
190 2715 224 2778 in
256 2714 511 2783 Convocatione
542 2713 613 2777 sive
646 2712 786 2796 Synodo
816 2712 1003 2797 praedicta,
1037 2715 1234 2802 reliquaque

124 2818 158 2883 in
169 2840 210 2882 ea
220 2825 318 2903 parte
328 2818 517 2882 necessaria
528 2816 753 2901 expediendo
765 2817 823 2902 qui
836 2823 989 2902 tempore
999 2818 1235 2904 deputationis

124 2922 371 2988 commissionis
401 2922 473 2985 sive
503 2921 728 3006 procuratorii
758 2922 810 2986 sui
840 2922 1006 3006 praedicti
1036 2924 1100 2988 sibi
1131 2926 1164 2991 in
1195 2949 1235 2993 ea

124 3033 233 3111 parte,
265 3027 313 3091 sic
344 3033 383 3090 ut
411 3026 657 3111 praemittitur,
687 3026 781 3101 iacti,
810 3047 879 3090 non
908 3026 1009 3092 luerit
1041 3036 1120 3113 pa'rs
1151 3039 1236 3097 nata

124 3129 389 3196 Convocationis
409 3130 480 3194 sive
505 3129 635 3214 Synodi
656 3129 851 3214 praedictae
873 3129 928 3193 vel
949 3131 1033 3195 alias
1053 3153 1114 3216 pro
1136 3143 1234 3219 parte

124 3235 196 3300 sive
245 3236 399 3299 membro
447 3235 601 3318 ejusdem
649 3233 799 3319 legitime
848 3234 979 3310 electa;
1036 3238 1234 3324 nullamque

125 3360 305 3424 personam
346 3345 557 3412 extraneam,
600 3339 648 3403 sic
689 3344 727 3402 ut
770 3339 1007 3423 praemittitur
1048 3349 1234 3429 utrumque

124 3443 166 3509 de
187 3445 281 3508 iacto
304 3444 518 3508 nominatam
541 3443 684 3507 electam
708 3443 779 3507 sive
799 3443 1037 3520 constitutam,
1058 3466 1119 3530 pro
1136 3456 1234 3532 parte

124 3548 196 3613 sive
242 3549 396 3612 membro
442 3547 707 3611 Convocationis
752 3547 824 3610 sive
869 3547 992 3631 synodi
1038 3551 1234 3634 praedictae

124 3652 296 3737 acceptari
321 3659 382 3716 aut
406 3650 461 3735 jus
486 3650 638 3736 suffragii
663 3650 803 3715 decisivi
829 3651 862 3715 in
888 3651 1008 3717 eadem
1033 3662 1093 3719 aut
1119 3656 1235 3742 aliquo

125 3757 263 3843 negotio
280 3755 425 3820 eandem
444 3762 608 3840 tangente
626 3754 761 3819 habere.

248 3907 324 3968 This
349 3906 566 3967 Convocation
592 3926 655 3967 was
682 3907 858 3985 prorogued
885 3914 919 3967 to
946 3909 1000 3968 the
1027 3910 1103 3971 zoth
1129 3913 1229 3991 April,

168 4004 257 4074 1626,
273 4003 386 4063 thence
401 4010 434 4063 to
449 4003 502 4063 the
517 4003 593 4063 28th
608 4003 703 4080 June,
718 4003 781 4063 and
796 4003 916 4083 finally,
931 4024 973 4064 on
987 4024 1006 4065 a
1021 4006 1125 4087 Royal
1140 4009 1232 4082 Writ,

167 4099 336 4170 dissolved,
377 4099 454 4159 with
491 4106 622 4159 consent
659 4099 693 4159 of
729 4099 777 4159 his
814 4099 1000 4179 colleagues,
1039 4103 1083 4182 by
1122 4104 1233 4186 Henry

170 4195 337 4255 Wickham
356 4194 573 4271 (Archdeacon
591 4195 625 4255 of
642 4195 730 4255 York
748 4196 830 4255 lrom
849 4195 1052 4274 1624-1640).

253 4340 382 4401 cxxxiv.
427 4341 464 4400 In
487 4359 703 4420 consequence
724 4341 759 4401 of
782 4341 836 4401 the
859 4342 957 4403 death
980 4344 1013 4403 oi
1036 4345 1236 4429 Archbishop

166 4438 259 4517 Toby
287 4437 451 4508 Matthew‚
479 4456 521 4497 on
549 4437 604 4498 the
632 4438 710 4518 zoth
738 4437 857 4510 March,
887 4439 976 4511 1628,
1004 4439 1234 4520 Convocation,
