<?xml version="1.0" encoding="UTF-8"?>
<!DOCTYPE html PUBLIC "-//W3C//DTD XHTML 1.0 Transitional//EN"
    "http://www.w3.org/TR/xhtml1/DTD/xhtml1-transitional.dtd">
<html xmlns="http://www.w3.org/1999/xhtml" xml:lang="en" lang="en">
 <head>
  <title>
</title>
<meta http-equiv="Content-Type" content="text/html;charset=utf-8" />
  <meta name='ocr-system' content='tesseract 3.04.00' />
  <meta name='ocr-capabilities' content='ocr_page ocr_carea ocr_par ocr_line ocrx_word'/>
</head>
<body>
  <div class='ocr_page' id='page_1' title='image "./recordsnorthern00convgoog_0256.png"; bbox 0 0 2918 5010; ppageno 0'>
   <div class='ocr_carea' id='block_1_1' title="bbox 436 387 1246 472">
    <p class='ocr_par' dir='ltr' id='par_1_1' title="bbox 436 387 1246 472">
     <span class='ocr_line' id='line_1_1' title="bbox 436 387 1246 472; baseline 0.002 -18"><span class='ocrx_word' id='word_1_1' title='bbox 436 387 640 455; x_wconf 77' lang='lat' dir='ltr'>Nonrrrrrru</span> <span class='ocrx_word' id='word_1_2' title='bbox 666 389 936 457; x_wconf 72' lang='lat' dir='ltr'>Couvocxrrou.</span> <span class='ocrx_word' id='word_1_3' title='bbox 1185 409 1246 472; x_wconf 80' lang='lat' dir='ltr'>rao</span> 
     </span>
    </p>
   </div>
   <div class='ocr_carea' id='block_1_2' title="bbox 61 575 1245 4521">
    <p class='ocr_par' dir='ltr' id='par_1_2' title="bbox 61 575 1245 4521">
     <span class='ocr_line' id='line_1_2' title="bbox 61 575 1245 668; baseline 0.002 -21"><span class='ocrx_word' id='word_1_4' title='bbox 61 575 63 579; x_wconf 31' lang='lat'><strong>¹</strong></span> <span class='ocrx_word' id='word_1_5' title='bbox 131 583 251 668; x_wconf 83' lang='lat' dir='ltr'>singuli</span> <span class='ocrx_word' id='word_1_6' title='bbox 270 584 314 647; x_wconf 85' lang='lat' dir='ltr'>ab</span> <span class='ocrx_word' id='word_1_7' title='bbox 334 583 462 647; x_wconf 85' lang='lat' dir='ltr'>eisdem</span> <span class='ocrx_word' id='word_1_8' title='bbox 481 583 657 647; x_wconf 90' lang='lat' dir='ltr'>mandatis</span> <span class='ocrx_word' id='word_1_9' title='bbox 679 591 713 647; x_wconf 88' lang='lat' dir='ltr'>et</span> <span class='ocrx_word' id='word_1_10' title='bbox 734 584 1017 667; x_wconf 89' lang='lat' dir='ltr'>injunctionibus,</span> <span class='ocrx_word' id='word_1_11' title='bbox 1037 585 1082 649; x_wconf 87' lang='lat' dir='ltr'>ab</span> <span class='ocrx_word' id='word_1_12' title='bbox 1103 585 1245 668; x_wconf 89' lang='lat' dir='ltr'>ipsoque</span> 
     </span>
     <span class='ocr_line' id='line_1_3' title="bbox 132 687 1244 771; baseline 0 -19"><span class='ocrx_word' id='word_1_13' title='bbox 132 687 269 752; x_wconf 90' lang='lat' dir='ltr'>domino</span> <span class='ocrx_word' id='word_1_14' title='bbox 299 708 390 771; x_wconf 89' lang='lat' dir='ltr'>papa</span> <span class='ocrx_word' id='word_1_15' title='bbox 419 687 704 752; x_wconf 83' lang='lat' dir='ltr'>irrationabiliter</span> <span class='ocrx_word' id='word_1_16' title='bbox 732 694 767 751; x_wconf 89' lang='lat' dir='ltr'>et</span> <span class='ocrx_word' id='word_1_17' title='bbox 796 689 984 753; x_wconf 89' lang='lat' dir='ltr'>secundum</span> <span class='ocrx_word' id='word_1_18' title='bbox 1015 710 1083 754; x_wconf 91' lang='lat' dir='ltr'>non</span> <span class='ocrx_word' id='word_1_19' title='bbox 1114 695 1244 753; x_wconf 85' lang='lat' dir='ltr'>rectam</span> 
     </span>
     <span class='ocr_line' id='line_1_4' title="bbox 130 791 1244 876; baseline 0.002 -21"><span class='ocrx_word' id='word_1_20' title='bbox 130 791 408 856; x_wconf 82' lang='lat' dir='ltr'>informationem</span> <span class='ocrx_word' id='word_1_21' title='bbox 460 791 668 856; x_wconf 81' lang='lat' dir='ltr'>decernente</span> <span class='ocrx_word' id='word_1_22' title='bbox 720 792 764 856; x_wconf 92' lang='lat' dir='ltr'>ad</span> <span class='ocrx_word' id='word_1_23' title='bbox 816 792 1003 876; x_wconf 91' lang='lat' dir='ltr'>ipsummet</span> <span class='ocrx_word' id='word_1_24' title='bbox 1055 792 1244 857; x_wconf 88' lang='lat' dir='ltr'>secundum</span> 
     </span>
     <span class='ocr_line' id='line_1_5' title="bbox 129 895 1241 962; baseline 0.002 -4"><span class='ocrx_word' id='word_1_25' title='bbox 129 903 257 960; x_wconf 88' lang='lat' dir='ltr'>rectam</span> <span class='ocrx_word' id='word_1_26' title='bbox 298 896 467 960; x_wconf 88' lang='lat' dir='ltr'>rationem</span> <span class='ocrx_word' id='word_1_27' title='bbox 511 901 545 959; x_wconf 92' lang='lat' dir='ltr'>et</span> <span class='ocrx_word' id='word_1_28' title='bbox 588 895 709 961; x_wconf 89' lang='lat' dir='ltr'>melius</span> <span class='ocrx_word' id='word_1_29' title='bbox 750 897 972 961; x_wconf 79' lang='lat' dir='ltr'>informatam</span> <span class='ocrx_word' id='word_1_30' title='bbox 1013 898 1241 962; x_wconf 88' lang='lat' dir='ltr'>decreturum.</span> 
     </span>
     <span class='ocr_line' id='line_1_6' title="bbox 131 999 1243 1083; baseline 0.001 -19"><span class='ocrx_word' id='word_1_31' title='bbox 131 999 218 1064; x_wconf 88' lang='lat' dir='ltr'>Item</span> <span class='ocrx_word' id='word_1_32' title='bbox 233 1000 278 1064; x_wconf 90' lang='lat' dir='ltr'>ab</span> <span class='ocrx_word' id='word_1_33' title='bbox 294 1000 368 1083; x_wconf 92' lang='lat' dir='ltr'>ipso</span> <span class='ocrx_word' id='word_1_34' title='bbox 383 1000 511 1063; x_wconf 91' lang='lat' dir='ltr'>vicario</span> <span class='ocrx_word' id='word_1_35' title='bbox 527 999 653 1063; x_wconf 83' lang='lat' dir='ltr'>Christi</span> <span class='ocrx_word' id='word_1_36' title='bbox 669 1000 702 1064; x_wconf 92' lang='lat' dir='ltr'>in</span> <span class='ocrx_word' id='word_1_37' title='bbox 720 1001 818 1063; x_wconf 91' lang='lat' dir='ltr'>terris</span> <span class='ocrx_word' id='word_1_38' title='bbox 833 1001 877 1064; x_wconf 88' lang='lat' dir='ltr'>ad</span> <span class='ocrx_word' id='word_1_39' title='bbox 892 1001 1071 1065; x_wconf 92' lang='lat' dir='ltr'>dominum</span> <span class='ocrx_word' id='word_1_40' title='bbox 1087 1008 1243 1066; x_wconf 87' lang='lat' dir='ltr'>nostrum</span> 
     </span>
     <span class='ocr_line' id='line_1_7' title="bbox 129 1103 1241 1188; baseline 0.001 -20"><span class='ocrx_word' id='word_1_41' title='bbox 129 1103 247 1186; x_wconf 87' lang='lat' dir='ltr'>Jesum</span> <span class='ocrx_word' id='word_1_42' title='bbox 269 1103 443 1168; x_wconf 85' lang='lat' dir='ltr'>Christum</span> <span class='ocrx_word' id='word_1_43' title='bbox 465 1104 525 1188; x_wconf 89' lang='lat' dir='ltr'>qui</span> <span class='ocrx_word' id='word_1_44' title='bbox 548 1103 765 1186; x_wconf 84' lang='lat' dir='ltr'>judicaturus</span> <span class='ocrx_word' id='word_1_45' title='bbox 784 1111 836 1168; x_wconf 89' lang='lat' dir='ltr'>est</span> <span class='ocrx_word' id='word_1_46' title='bbox 857 1105 955 1168; x_wconf 89' lang='lat' dir='ltr'>vivos</span> <span class='ocrx_word' id='word_1_47' title='bbox 976 1112 1010 1169; x_wconf 89' lang='lat' dir='ltr'>et</span> <span class='ocrx_word' id='word_1_48' title='bbox 1032 1112 1187 1169; x_wconf 90' lang='lat' dir='ltr'>mortuos</span> <span class='ocrx_word' id='word_1_49' title='bbox 1208 1112 1241 1169; x_wconf 92' lang='lat' dir='ltr'>et</span> 
     </span>
     <span class='ocr_line' id='line_1_8' title="bbox 128 1207 1243 1293; baseline 0 -20"><span class='ocrx_word' id='word_1_50' title='bbox 128 1208 301 1273; x_wconf 85' lang='lat' dir='ltr'>saeculum</span> <span class='ocrx_word' id='word_1_51' title='bbox 323 1228 385 1291; x_wconf 91' lang='lat' dir='ltr'>per</span> <span class='ocrx_word' id='word_1_52' title='bbox 403 1209 535 1291; x_wconf 88' lang='lat' dir='ltr'>ignem:</span> <span class='ocrx_word' id='word_1_53' title='bbox 580 1207 670 1271; x_wconf 89' lang='lat' dir='ltr'>Item</span> <span class='ocrx_word' id='word_1_54' title='bbox 690 1208 734 1271; x_wconf 94' lang='lat' dir='ltr'>ad</span> <span class='ocrx_word' id='word_1_55' title='bbox 754 1210 910 1292; x_wconf 90' lang='lat' dir='ltr'>generale</span> <span class='ocrx_word' id='word_1_56' title='bbox 927 1208 1112 1273; x_wconf 85' lang='lat' dir='ltr'>Consilium</span> <span class='ocrx_word' id='word_1_57' title='bbox 1133 1230 1153 1273; x_wconf 92' lang='lat' dir='ltr'>a</span> <span class='ocrx_word' id='word_1_58' title='bbox 1173 1230 1243 1293; x_wconf 91' lang='lat' dir='ltr'>quo</span> 
     </span>
     <span class='ocr_line' id='line_1_9' title="bbox 127 1312 1240 1398; baseline 0.002 -22"><span class='ocrx_word' id='word_1_59' title='bbox 127 1319 159 1376; x_wconf 90' lang='lat' dir='ltr'>et</span> <span class='ocrx_word' id='word_1_60' title='bbox 176 1313 211 1376; x_wconf 91' lang='lat' dir='ltr'>in</span> <span class='ocrx_word' id='word_1_61' title='bbox 228 1333 298 1397; x_wconf 89' lang='lat' dir='ltr'>quo</span> <span class='ocrx_word' id='word_1_62' title='bbox 315 1312 425 1375; x_wconf 90' lang='lat' dir='ltr'>solent</span> <span class='ocrx_word' id='word_1_63' title='bbox 442 1319 538 1395; x_wconf 89' lang='lat' dir='ltr'>gesta</span> <span class='ocrx_word' id='word_1_64' title='bbox 551 1332 767 1376; x_wconf 90' lang='lat' dir='ltr'>summomm</span> <span class='ocrx_word' id='word_1_65' title='bbox 783 1313 987 1396; x_wconf 87' lang='lat' dir='ltr'>pontificum</span> <span class='ocrx_word' id='word_1_66' title='bbox 999 1334 1240 1398; x_wconf 88' lang='lat' dir='ltr'>quaecumque</span> 
     </span>
     <span class='ocr_line' id='line_1_10' title="bbox 126 1415 1240 1503; baseline 0.001 -22"><span class='ocrx_word' id='word_1_67' title='bbox 126 1417 271 1499; x_wconf 85' lang='lat' dir='ltr'>judicari</span> <span class='ocrx_word' id='word_1_68' title='bbox 293 1422 438 1499; x_wconf 87' lang='lat' dir='ltr'>possunt</span> <span class='ocrx_word' id='word_1_69' title='bbox 454 1415 589 1479; x_wconf 91' lang='lat' dir='ltr'>decerni</span> <span class='ocrx_word' id='word_1_70' title='bbox 610 1423 644 1478; x_wconf 90' lang='lat' dir='ltr'>et</span> <span class='ocrx_word' id='word_1_71' title='bbox 664 1416 829 1498; x_wconf 88' lang='lat' dir='ltr'>judicari:</span> <span class='ocrx_word' id='word_1_72' title='bbox 879 1418 970 1482; x_wconf 89' lang='lat' dir='ltr'>ltem</span> <span class='ocrx_word' id='word_1_73' title='bbox 991 1418 1035 1482; x_wconf 91' lang='lat' dir='ltr'>ad</span> <span class='ocrx_word' id='word_1_74' title='bbox 1056 1438 1184 1503; x_wconf 91' lang='lat' dir='ltr'>papam</span> <span class='ocrx_word' id='word_1_75' title='bbox 1206 1425 1240 1482; x_wconf 91' lang='lat' dir='ltr'>et</span> 
     </span>
     <span class='ocr_line' id='line_1_11' title="bbox 127 1519 1240 1605; baseline -0.001 -20"><span class='ocrx_word' id='word_1_76' title='bbox 127 1520 325 1604; x_wconf 88' lang='lat' dir='ltr'>pontificem</span> <span class='ocrx_word' id='word_1_77' title='bbox 365 1521 532 1594; x_wconf 90' lang='lat' dir='ltr'>futurum,</span> <span class='ocrx_word' id='word_1_78' title='bbox 576 1519 675 1602; x_wconf 90' lang='lat' dir='ltr'>cujus</span> <span class='ocrx_word' id='word_1_79' title='bbox 717 1526 768 1583; x_wconf 91' lang='lat' dir='ltr'>est</span> <span class='ocrx_word' id='word_1_80' title='bbox 810 1528 907 1605; x_wconf 88' lang='lat' dir='ltr'>gesta</span> <span class='ocrx_word' id='word_1_81' title='bbox 947 1522 1147 1586; x_wconf 88' lang='lat' dir='ltr'>inordinata</span> <span class='ocrx_word' id='word_1_82' title='bbox 1188 1522 1240 1587; x_wconf 90' lang='lat' dir='ltr'>sui</span> 
     </span>
     <span class='ocr_line' id='line_1_12' title="bbox 127 1624 1240 1709; baseline 0.002 -21"><span class='ocrx_word' id='word_1_83' title='bbox 127 1624 396 1709; x_wconf 86' lang='lat' dir='ltr'>praedecessoris</span> <span class='ocrx_word' id='word_1_84' title='bbox 416 1625 450 1688; x_wconf 87' lang='lat' dir='ltr'>in</span> <span class='ocrx_word' id='word_1_85' title='bbox 471 1624 591 1687; x_wconf 86' lang='lat' dir='ltr'>melius</span> <span class='ocrx_word' id='word_1_86' title='bbox 612 1624 805 1698; x_wconf 86' lang='lat' dir='ltr'>reformare,</span> <span class='ocrx_word' id='word_1_87' title='bbox 829 1626 1058 1708; x_wconf 89' lang='lat' dir='ltr'>appellarunt,</span> <span class='ocrx_word' id='word_1_88' title='bbox 1082 1646 1122 1690; x_wconf 91' lang='lat' dir='ltr'>ac</span> <span class='ocrx_word' id='word_1_89' title='bbox 1144 1633 1240 1690; x_wconf 87' lang='lat' dir='ltr'>metu</span> 
     </span>
     <span class='ocr_line' id='line_1_13' title="bbox 127 1728 1240 1812; baseline 0.001 -19"><span class='ocrx_word' id='word_1_90' title='bbox 127 1728 267 1812; x_wconf 87' lang='lat' dir='ltr'>majoris</span> <span class='ocrx_word' id='word_1_91' title='bbox 289 1728 370 1792; x_wconf 90' lang='lat' dir='ltr'>mali</span> <span class='ocrx_word' id='word_1_92' title='bbox 393 1728 536 1811; x_wconf 89' lang='lat' dir='ltr'>quidam</span> <span class='ocrx_word' id='word_1_93' title='bbox 560 1747 677 1791; x_wconf 86' lang='lat' dir='ltr'>eorum</span> <span class='ocrx_word' id='word_1_94' title='bbox 701 1728 876 1811; x_wconf 83' lang='lat' dir='ltr'>pedestres</span> <span class='ocrx_word' id='word_1_95' title='bbox 898 1735 932 1794; x_wconf 89' lang='lat' dir='ltr'>et</span> <span class='ocrx_word' id='word_1_96' title='bbox 956 1730 1057 1794; x_wconf 92' lang='lat' dir='ltr'>rebus</span> <span class='ocrx_word' id='word_1_97' title='bbox 1080 1731 1240 1795; x_wconf 91' lang='lat' dir='ltr'>omnibus</span> 
     </span>
     <span class='ocr_line' id='line_1_14' title="bbox 127 1832 1239 1916; baseline 0.001 -19"><span class='ocrx_word' id='word_1_98' title='bbox 127 1833 275 1916; x_wconf 88' lang='lat' dir='ltr'>spoliati,</span> <span class='ocrx_word' id='word_1_99' title='bbox 317 1832 459 1916; x_wconf 93' lang='lat' dir='ltr'>quidam</span> <span class='ocrx_word' id='word_1_100' title='bbox 500 1852 580 1895; x_wconf 87' lang='lat' dir='ltr'>vero</span> <span class='ocrx_word' id='word_1_101' title='bbox 612 1839 797 1916; x_wconf 71' lang='lat' dir='ltr'>equestres</span> <span class='ocrx_word' id='word_1_102' title='bbox 839 1853 964 1897; x_wconf 90' lang='lat' dir='ltr'>novem</span> <span class='ocrx_word' id='word_1_103' title='bbox 1005 1834 1163 1898; x_wconf 87' lang='lat' dir='ltr'>videlicet</span> <span class='ocrx_word' id='word_1_104' title='bbox 1204 1835 1239 1898; x_wconf 90' lang='lat' dir='ltr'>iu</span> 
     </span>
     <span class='ocr_line' id='line_1_15' title="bbox 127 1935 1241 2019; baseline -0.001 -17"><span class='ocrx_word' id='word_1_105' title='bbox 127 1957 280 2011; x_wconf 90' lang='lat' dir='ltr'>numer0,</span> <span class='ocrx_word' id='word_1_106' title='bbox 298 1936 341 1999; x_wconf 92' lang='lat' dir='ltr'>de</span> <span class='ocrx_word' id='word_1_107' title='bbox 357 1937 500 2000; x_wconf 87' lang='lat' dir='ltr'>civitate</span> <span class='ocrx_word' id='word_1_108' title='bbox 518 1935 656 2000; x_wconf 86' lang='lat' dir='ltr'>Lucana</span> <span class='ocrx_word' id='word_1_109' title='bbox 674 1942 709 1999; x_wconf 89' lang='lat' dir='ltr'>et</span> <span class='ocrx_word' id='word_1_110' title='bbox 729 1956 748 1999; x_wconf 90' lang='lat' dir='ltr'>a</span> <span class='ocrx_word' id='word_1_111' title='bbox 768 1938 962 2019; x_wconf 88' lang='lat' dir='ltr'>praesentia</span> <span class='ocrx_word' id='word_1_112' title='bbox 982 1936 1111 2015; x_wconf 85' lang='lat' dir='ltr'>domini</span> <span class='ocrx_word' id='word_1_113' title='bbox 1132 1939 1241 2002; x_wconf 91' lang='lat' dir='ltr'>nostri</span> 
     </span>
     <span class='ocr_line' id='line_1_16' title="bbox 128 2040 1240 2126; baseline -0.003 -20"><span class='ocrx_word' id='word_1_114' title='bbox 128 2062 237 2126; x_wconf 84' lang='lat' dir='ltr'>papae</span> <span class='ocrx_word' id='word_1_115' title='bbox 254 2061 362 2126; x_wconf 91' lang='lat' dir='ltr'>usque</span> <span class='ocrx_word' id='word_1_116' title='bbox 380 2041 416 2104; x_wconf 92' lang='lat' dir='ltr'>in</span> <span class='ocrx_word' id='word_1_117' title='bbox 432 2041 611 2104; x_wconf 88' lang='lat' dir='ltr'>civitatem</span> <span class='ocrx_word' id='word_1_118' title='bbox 629 2040 790 2104; x_wconf 83' lang='lat' dir='ltr'>Pisanum</span> <span class='ocrx_word' id='word_1_119' title='bbox 806 2048 1028 2116; x_wconf 88' lang='lat' dir='ltr'>recesserunt,</span> <span class='ocrx_word' id='word_1_120' title='bbox 1046 2041 1088 2104; x_wconf 89' lang='lat' dir='ltr'>de</span> <span class='ocrx_word' id='word_1_121' title='bbox 1105 2042 1240 2105; x_wconf 89' lang='lat' dir='ltr'>unitate</span> 
     </span>
     <span class='ocr_line' id='line_1_17' title="bbox 128 2144 1240 2229; baseline -0.001 -19"><span class='ocrx_word' id='word_1_122' title='bbox 128 2146 298 2219; x_wconf 89' lang='lat' dir='ltr'>ecclesiae,</span> <span class='ocrx_word' id='word_1_123' title='bbox 342 2145 407 2209; x_wconf 91' lang='lat' dir='ltr'>nisi</span> <span class='ocrx_word' id='word_1_124' title='bbox 451 2150 513 2208; x_wconf 89' lang='lat' dir='ltr'>aut</span> <span class='ocrx_word' id='word_1_125' title='bbox 556 2144 724 2207; x_wconf 88' lang='lat' dir='ltr'>divinitus</span> <span class='ocrx_word' id='word_1_126' title='bbox 762 2151 823 2208; x_wconf 91' lang='lat' dir='ltr'>aut</span> <span class='ocrx_word' id='word_1_127' title='bbox 861 2145 1050 2229; x_wconf 84' lang='lat' dir='ltr'>sagacitate</span> <span class='ocrx_word' id='word_1_128' title='bbox 1087 2145 1240 2209; x_wconf 89' lang='lat' dir='ltr'>humana</span> 
     </span>
     <span class='ocr_line' id='line_1_18' title="bbox 127 2248 1241 2335; baseline -0.001 -21"><span class='ocrx_word' id='word_1_129' title='bbox 127 2249 311 2335; x_wconf 89' lang='lat' dir='ltr'>graciosius</span> <span class='ocrx_word' id='word_1_130' title='bbox 335 2249 568 2332; x_wconf 91' lang='lat' dir='ltr'>provideatur,</span> <span class='ocrx_word' id='word_1_131' title='bbox 586 2248 726 2312; x_wconf 92' lang='lat' dir='ltr'>omnino</span> <span class='ocrx_word' id='word_1_132' title='bbox 748 2248 859 2313; x_wconf 87' lang='lat' dir='ltr'>diffisi.</span> <span class='ocrx_word' id='word_1_133' title='bbox 909 2249 1111 2333; x_wconf 88' lang='lat' dir='ltr'>Supplicant</span> <span class='ocrx_word' id='word_1_134' title='bbox 1136 2250 1241 2331; x_wconf 88' lang='lat' dir='ltr'>igitur</span> 
     </span>
     <span class='ocr_line' id='line_1_19' title="bbox 128 2353 1240 2437; baseline 0.001 -20"><span class='ocrx_word' id='word_1_135' title='bbox 128 2353 231 2419; x_wconf 91' lang='lat' dir='ltr'>iidem</span> <span class='ocrx_word' id='word_1_136' title='bbox 267 2353 473 2428; x_wconf 89' lang='lat' dir='ltr'>Cardinales,</span> <span class='ocrx_word' id='word_1_137' title='bbox 520 2353 699 2435; x_wconf 85' lang='lat' dir='ltr'>collegium</span> <span class='ocrx_word' id='word_1_138' title='bbox 736 2353 896 2416; x_wconf 90' lang='lat' dir='ltr'>videlicet</span> <span class='ocrx_word' id='word_1_139' title='bbox 932 2353 1128 2437; x_wconf 90' lang='lat' dir='ltr'>antiquum,</span> <span class='ocrx_word' id='word_1_140' title='bbox 1167 2360 1240 2418; x_wconf 92' lang='lat' dir='ltr'>tarn</span> 
     </span>
     <span class='ocr_line' id='line_1_20' title="bbox 128 2437 1240 2543; baseline 0 -20"><span class='ocrx_word' id='word_1_141' title='bbox 128 2459 277 2523; x_wconf 89' lang='lat' dir='ltr'>Domino</span> <span class='ocrx_word' id='word_1_142' title='bbox 294 2464 410 2521; x_wconf 91' lang='lat' dir='ltr'>nostro</span> <span class='ocrx_word' id='word_1_143' title='bbox 430 2458 513 2541; x_wconf 84' lang='lat' dir='ltr'>Regi</span> <span class='ocrx_word' id='word_1_144' title='bbox 532 2477 639 2541; x_wconf 88' lang='lat' dir='ltr'>quam</span> <span class='ocrx_word' id='word_1_145' title='bbox 658 2457 757 2520; x_wconf 91' lang='lat' dir='ltr'>nobis</span> <span class='ocrx_word' id='word_1_146' title='bbox 770 2464 804 2521; x_wconf 91' lang='lat' dir='ltr'>et</span> <span class='ocrx_word' id='word_1_147' title='bbox 817 2459 939 2522; x_wconf 86' lang='lat' dir='ltr'>ceteris</span> <span class='ocrx_word' id='word_1_148' title='bbox 953 2458 1062 2543; x_wconf 87' lang='lat' dir='ltr'>Regni</span> <span class='ocrx_word' id='word_1_149' title='bbox 1076 2437 1240 2541; x_wconf 87' lang='lat' dir='ltr'>praelatis</span> 
     </span>
     <span class='ocr_line' id='line_1_21' title="bbox 128 2561 1240 2646; baseline 0.001 -20"><span class='ocrx_word' id='word_1_150' title='bbox 128 2562 170 2626; x_wconf 93' lang='lat' dir='ltr'>de</span> <span class='ocrx_word' id='word_1_151' title='bbox 192 2564 284 2626; x_wconf 89' lang='lat' dir='ltr'>bona</span> <span class='ocrx_word' id='word_1_152' title='bbox 306 2562 502 2625; x_wconf 86' lang='lat' dir='ltr'>assistentia</span> <span class='ocrx_word' id='word_1_153' title='bbox 525 2562 558 2624; x_wconf 91' lang='lat' dir='ltr'>in</span> <span class='ocrx_word' id='word_1_154' title='bbox 583 2561 676 2625; x_wconf 90' lang='lat' dir='ltr'>facto</span> <span class='ocrx_word' id='word_1_155' title='bbox 699 2561 844 2635; x_wconf 93' lang='lat' dir='ltr'>unionis,</span> <span class='ocrx_word' id='word_1_156' title='bbox 868 2562 950 2645; x_wconf 87' lang='lat' dir='ltr'>quia</span> <span class='ocrx_word' id='word_1_157' title='bbox 972 2562 1035 2644; x_wconf 91' lang='lat' dir='ltr'>ipsi</span> <span class='ocrx_word' id='word_1_158' title='bbox 1059 2562 1240 2646; x_wconf 91' lang='lat' dir='ltr'>collegium</span> 
     </span>
     <span class='ocr_line' id='line_1_22' title="bbox 127 2665 1240 2750; baseline -0.001 -19"><span class='ocrx_word' id='word_1_159' title='bbox 127 2667 310 2750; x_wconf 91' lang='lat' dir='ltr'>antiquum</span> <span class='ocrx_word' id='word_1_160' title='bbox 338 2665 570 2730; x_wconf 88' lang='lat' dir='ltr'>Cardinalium</span> <span class='ocrx_word' id='word_1_161' title='bbox 603 2665 646 2728; x_wconf 85' lang='lat' dir='ltr'>ad</span> <span class='ocrx_word' id='word_1_162' title='bbox 680 2665 743 2728; x_wconf 91' lang='lat' dir='ltr'>hoc</span> <span class='ocrx_word' id='word_1_163' title='bbox 774 2665 1001 2729; x_wconf 81' lang='lat' dir='ltr'>effectualiter</span> <span class='ocrx_word' id='word_1_164' title='bbox 1032 2665 1240 2731; x_wconf 93' lang='lat' dir='ltr'>laborabunt</span> 
     </span>
     <span class='ocr_line' id='line_1_23' title="bbox 127 2769 1240 2853; baseline -0.001 -19"><span class='ocrx_word' id='word_1_165' title='bbox 127 2770 229 2853; x_wconf 87' lang='lat' dir='ltr'>juxta</span> <span class='ocrx_word' id='word_1_166' title='bbox 249 2769 348 2833; x_wconf 86' lang='lat' dir='ltr'>vires.</span> <span class='ocrx_word' id='word_1_167' title='bbox 397 2769 634 2851; x_wconf 88' lang='lat' dir='ltr'>Dominusque</span> <span class='ocrx_word' id='word_1_168' title='bbox 654 2773 772 2832; x_wconf 89' lang='lat' dir='ltr'>noster</span> <span class='ocrx_word' id='word_1_169' title='bbox 792 2769 866 2832; x_wconf 85' lang='lat' dir='ltr'>Rex</span> <span class='ocrx_word' id='word_1_170' title='bbox 888 2775 1057 2853; x_wconf 89' lang='lat' dir='ltr'>tanquam</span> <span class='ocrx_word' id='word_1_171' title='bbox 1078 2769 1240 2834; x_wconf 88' lang='lat' dir='ltr'>Christia-</span> 
     </span>
     <span class='ocr_line' id='line_1_24' title="bbox 127 2872 1239 2956; baseline -0.002 -18"><span class='ocrx_word' id='word_1_172' title='bbox 127 2873 286 2938; x_wconf 89' lang='lat' dir='ltr'>nissimus</span> <span class='ocrx_word' id='word_1_173' title='bbox 306 2872 399 2956; x_wconf 88' lang='lat' dir='ltr'>pugil</span> <span class='ocrx_word' id='word_1_174' title='bbox 421 2880 455 2936; x_wconf 91' lang='lat' dir='ltr'>et</span> <span class='ocrx_word' id='word_1_175' title='bbox 477 2872 609 2936; x_wconf 86' lang='lat' dir='ltr'>athleta</span> <span class='ocrx_word' id='word_1_176' title='bbox 630 2872 790 2936; x_wconf 89' lang='lat' dir='ltr'>ecclesiae</span> <span class='ocrx_word' id='word_1_177' title='bbox 807 2894 908 2937; x_wconf 88' lang='lat' dir='ltr'>suum</span> <span class='ocrx_word' id='word_1_178' title='bbox 928 2873 972 2936; x_wconf 91' lang='lat' dir='ltr'>ad</span> <span class='ocrx_word' id='word_1_179' title='bbox 990 2875 1054 2937; x_wconf 89' lang='lat' dir='ltr'>hoc</span> <span class='ocrx_word' id='word_1_180' title='bbox 1072 2873 1239 2937; x_wconf 83' lang='lat' dir='ltr'>auxilium</span> 
     </span>
     <span class='ocr_line' id='line_1_25' title="bbox 126 2977 1240 3060; baseline -0.002 -19"><span class='ocrx_word' id='word_1_181' title='bbox 126 2977 305 3042; x_wconf 89' lang='lat' dir='ltr'>consilium</span> <span class='ocrx_word' id='word_1_182' title='bbox 330 2984 364 3040; x_wconf 94' lang='lat' dir='ltr'>et</span> <span class='ocrx_word' id='word_1_183' title='bbox 389 2977 541 3040; x_wconf 91' lang='lat' dir='ltr'>favorem</span> <span class='ocrx_word' id='word_1_184' title='bbox 567 2977 600 3039; x_wconf 92' lang='lat' dir='ltr'>in</span> <span class='ocrx_word' id='word_1_185' title='bbox 626 2977 785 3041; x_wconf 89' lang='lat' dir='ltr'>omnibus</span> <span class='ocrx_word' id='word_1_186' title='bbox 809 2977 990 3060; x_wconf 88' lang='lat' dir='ltr'>pollicetur</span> <span class='ocrx_word' id='word_1_187' title='bbox 1013 2977 1128 3041; x_wconf 92' lang='lat' dir='ltr'>animo</span> <span class='ocrx_word' id='word_1_188' title='bbox 1154 2977 1240 3041; x_wconf 86' lang='lat' dir='ltr'>satis</span> 
     </span>
     <span class='ocr_line' id='line_1_26' title="bbox 127 3080 1240 3167; baseline -0.002 -21"><span class='ocrx_word' id='word_1_189' title='bbox 127 3089 300 3167; x_wconf 87' lang='lat' dir='ltr'>prompto,</span> <span class='ocrx_word' id='word_1_190' title='bbox 340 3087 374 3144; x_wconf 90' lang='lat' dir='ltr'>et</span> <span class='ocrx_word' id='word_1_191' title='bbox 413 3081 504 3145; x_wconf 94' lang='lat' dir='ltr'>ultra</span> <span class='ocrx_word' id='word_1_192' title='bbox 546 3102 652 3164; x_wconf 91' lang='lat' dir='ltr'>quam</span> <span class='ocrx_word' id='word_1_193' title='bbox 694 3080 878 3146; x_wconf 91' lang='lat' dir='ltr'>dicendum</span> <span class='ocrx_word' id='word_1_194' title='bbox 913 3088 964 3144; x_wconf 88' lang='lat' dir='ltr'>est</span> <span class='ocrx_word' id='word_1_195' title='bbox 997 3081 1041 3144; x_wconf 92' lang='lat' dir='ltr'>ad</span> <span class='ocrx_word' id='word_1_196' title='bbox 1080 3099 1240 3164; x_wconf 90' lang='lat' dir='ltr'>praesens</span> 
     </span>
     <span class='ocr_line' id='line_1_27' title="bbox 128 3183 1240 3271; baseline -0.004 -19"><span class='ocrx_word' id='word_1_197' title='bbox 128 3192 359 3271; x_wconf 89' lang='lat' dir='ltr'>praeparato:</span> <span class='ocrx_word' id='word_1_198' title='bbox 401 3185 472 3249; x_wconf 91' lang='lat' dir='ltr'>Nos</span> <span class='ocrx_word' id='word_1_199' title='bbox 503 3186 608 3270; x_wconf 88' lang='lat' dir='ltr'>igitur</span> <span class='ocrx_word' id='word_1_200' title='bbox 638 3183 893 3249; x_wconf 86' lang='lat' dir='ltr'>considerantes</span> <span class='ocrx_word' id='word_1_201' title='bbox 923 3184 1018 3267; x_wconf 88' lang='lat' dir='ltr'>quod</span> <span class='ocrx_word' id='word_1_202' title='bbox 1045 3183 1110 3246; x_wconf 91' lang='lat' dir='ltr'>hoc</span> <span class='ocrx_word' id='word_1_203' title='bbox 1137 3183 1240 3247; x_wconf 91' lang='lat' dir='ltr'>male·</span> 
     </span>
     <span class='ocr_line' id='line_1_28' title="bbox 128 3288 1240 3357; baseline -0.004 0"><span class='ocrx_word' id='word_1_204' title='bbox 128 3292 260 3357; x_wconf 91' lang='lat' dir='ltr'>dictum</span> <span class='ocrx_word' id='word_1_205' title='bbox 287 3290 434 3355; x_wconf 87' lang='lat' dir='ltr'>schisma</span> <span class='ocrx_word' id='word_1_206' title='bbox 462 3291 553 3354; x_wconf 89' lang='lat' dir='ltr'>ultra</span> <span class='ocrx_word' id='word_1_207' title='bbox 581 3290 696 3354; x_wconf 89' lang='lat' dir='ltr'>omnia</span> <span class='ocrx_word' id='word_1_208' title='bbox 724 3289 896 3352; x_wconf 89' lang='lat' dir='ltr'>anteriora</span> <span class='ocrx_word' id='word_1_209' title='bbox 924 3288 1056 3352; x_wconf 92' lang='lat' dir='ltr'>diutius</span> <span class='ocrx_word' id='word_1_210' title='bbox 1085 3288 1240 3352; x_wconf 90' lang='lat' dir='ltr'>noscitur</span> 
     </span>
     <span class='ocr_line' id='line_1_29' title="bbox 128 3392 1241 3481; baseline -0.004 -20"><span class='ocrx_word' id='word_1_211' title='bbox 128 3396 339 3481; x_wconf 86' lang='lat' dir='ltr'>perdurasse,</span> <span class='ocrx_word' id='word_1_212' title='bbox 371 3394 534 3479; x_wconf 89' lang='lat' dir='ltr'>quodque</span> <span class='ocrx_word' id='word_1_213' title='bbox 562 3395 653 3458; x_wconf 89' lang='lat' dir='ltr'>mala</span> <span class='ocrx_word' id='word_1_214' title='bbox 680 3392 815 3457; x_wconf 86' lang='lat' dir='ltr'>infinita</span> <span class='ocrx_word' id='word_1_215' title='bbox 843 3399 876 3456; x_wconf 87' lang='lat' dir='ltr'>et</span> <span class='ocrx_word' id='word_1_216' title='bbox 906 3392 1041 3457; x_wconf 89' lang='lat' dir='ltr'>notoria</span> <span class='ocrx_word' id='word_1_217' title='bbox 1068 3412 1157 3476; x_wconf 89' lang='lat' dir='ltr'>quae</span> <span class='ocrx_word' id='word_1_218' title='bbox 1185 3393 1241 3457; x_wconf 91' lang='lat' dir='ltr'>hic</span> 
     </span>
     <span class='ocr_line' id='line_1_30' title="bbox 128 3494 1241 3581; baseline -0.004 -17"><span class='ocrx_word' id='word_1_219' title='bbox 128 3520 232 3564; x_wconf 89' lang='lat' dir='ltr'>causa</span> <span class='ocrx_word' id='word_1_220' title='bbox 256 3499 438 3564; x_wconf 88' lang='lat' dir='ltr'>brevitatis</span> <span class='ocrx_word' id='word_1_221' title='bbox 462 3498 710 3581; x_wconf 88' lang='lat' dir='ltr'>pertransimus</span> <span class='ocrx_word' id='word_1_222' title='bbox 733 3497 856 3561; x_wconf 85' lang='lat' dir='ltr'>exinde</span> <span class='ocrx_word' id='word_1_223' title='bbox 880 3502 1120 3581; x_wconf 87' lang='lat' dir='ltr'>pervenerunt.</span> <span class='ocrx_word' id='word_1_224' title='bbox 1169 3494 1241 3560; x_wconf 86' lang='lat' dir='ltr'>Nos</span> 
     </span>
     <span class='ocr_line' id='line_1_31' title="bbox 130 3599 1241 3687; baseline -0.003 -19"><span class='ocrx_word' id='word_1_225' title='bbox 130 3611 246 3668; x_wconf 90' lang='lat' dir='ltr'>tamen</span> <span class='ocrx_word' id='word_1_226' title='bbox 264 3603 306 3667; x_wconf 90' lang='lat' dir='ltr'>de</span> <span class='ocrx_word' id='word_1_227' title='bbox 324 3622 428 3687; x_wconf 92' lang='lat' dir='ltr'>regno</span> <span class='ocrx_word' id='word_1_228' title='bbox 441 3603 584 3686; x_wconf 88' lang='lat' dir='ltr'>Angliae</span> <span class='ocrx_word' id='word_1_229' title='bbox 596 3601 691 3686; x_wconf 91' lang='lat' dir='ltr'>quod</span> <span class='ocrx_word' id='word_1_230' title='bbox 703 3601 859 3665; x_wconf 92' lang='lat' dir='ltr'>dolenter</span> <span class='ocrx_word' id='word_1_231' title='bbox 872 3600 1048 3665; x_wconf 78' lang='lat' dir='ltr'>referimus</span> <span class='ocrx_word' id='word_1_232' title='bbox 1066 3599 1241 3665; x_wconf 90' lang='lat' dir='ltr'>modicum</span> 
     </span>
     <span class='ocr_line' id='line_1_32' title="bbox 128 3704 1239 3791; baseline -0.002 -19"><span class='ocrx_word' id='word_1_233' title='bbox 128 3708 305 3791; x_wconf 88' lang='lat' dir='ltr'>hucusque</span> <span class='ocrx_word' id='word_1_234' title='bbox 327 3707 415 3770; x_wconf 89' lang='lat' dir='ltr'>circa</span> <span class='ocrx_word' id='word_1_235' title='bbox 437 3707 598 3770; x_wconf 91' lang='lat' dir='ltr'>unionem</span> <span class='ocrx_word' id='word_1_236' title='bbox 619 3704 831 3789; x_wconf 89' lang='lat' dir='ltr'>praedictam</span> <span class='ocrx_word' id='word_1_237' title='bbox 851 3704 1006 3769; x_wconf 90' lang='lat' dir='ltr'>laborare</span> <span class='ocrx_word' id='word_1_238' title='bbox 1031 3705 1239 3782; x_wconf 71' lang='lat' dir='ltr'>curavimus</span> 
     </span>
     <span class='ocr_line' id='line_1_33' title="bbox 128 3809 1242 3895; baseline -0.002 -19"><span class='ocrx_word' id='word_1_239' title='bbox 128 3812 228 3895; x_wconf 89' lang='lat' dir='ltr'>cujus</span> <span class='ocrx_word' id='word_1_240' title='bbox 277 3817 461 3895; x_wconf 87' lang='lat' dir='ltr'>praetextu</span> <span class='ocrx_word' id='word_1_241' title='bbox 512 3810 690 3895; x_wconf 80' lang='lat' dir='ltr'>Anglicani</span> <span class='ocrx_word' id='word_1_242' title='bbox 734 3809 881 3873; x_wconf 92' lang='lat' dir='ltr'>nominis</span> <span class='ocrx_word' id='word_1_243' title='bbox 928 3809 1038 3874; x_wconf 92' lang='lat' dir='ltr'>forma</span> <span class='ocrx_word' id='word_1_244' title='bbox 1088 3810 1242 3875; x_wconf 88' lang='lat' dir='ltr'>noscitur</span> 
     </span>
     <span class='ocr_line' id='line_1_34' title="bbox 129 3913 1242 3999; baseline -0.004 -18"><span class='ocrx_word' id='word_1_245' title='bbox 129 3917 324 3991; x_wconf 89' lang='lat' dir='ltr'>diminuta;</span> <span class='ocrx_word' id='word_1_246' title='bbox 350 3917 506 3980; x_wconf 88' lang='lat' dir='ltr'>volentes</span> <span class='ocrx_word' id='word_1_247' title='bbox 538 3915 642 3999; x_wconf 85' lang='lat' dir='ltr'>igitur</span> <span class='ocrx_word' id='word_1_248' title='bbox 671 3913 764 3998; x_wconf 92' lang='lat' dir='ltr'>quod</span> <span class='ocrx_word' id='word_1_249' title='bbox 796 3921 899 3978; x_wconf 91' lang='lat' dir='ltr'>autea</span> <span class='ocrx_word' id='word_1_250' title='bbox 930 3915 1080 3996; x_wconf 86' lang='lat' dir='ltr'>segniter</span> <span class='ocrx_word' id='word_1_251' title='bbox 1110 3914 1242 3999; x_wconf 86' lang='lat' dir='ltr'>egimus</span> 
     </span>
     <span class='ocr_line' id='line_1_35' title="bbox 129 4018 1240 4107; baseline -0.002 -22"><span class='ocrx_word' id='word_1_252' title='bbox 129 4021 274 4107; x_wconf 88' lang='lat' dir='ltr'>provida</span> <span class='ocrx_word' id='word_1_253' title='bbox 304 4020 545 4085; x_wconf 87' lang='lat' dir='ltr'>emendatione</span> <span class='ocrx_word' id='word_1_254' title='bbox 574 4020 749 4104; x_wconf 89' lang='lat' dir='ltr'>corrigere,</span> <span class='ocrx_word' id='word_1_255' title='bbox 780 4024 814 4082; x_wconf 98' lang='lat' dir='ltr'>et</span> <span class='ocrx_word' id='word_1_256' title='bbox 844 4024 883 4082; x_wconf 89' lang='lat' dir='ltr'>ut</span> <span class='ocrx_word' id='word_1_257' title='bbox 913 4038 954 4082; x_wconf 86' lang='lat' dir='ltr'>eo</span> <span class='ocrx_word' id='word_1_258' title='bbox 982 4018 1138 4103; x_wconf 88' lang='lat' dir='ltr'>sagacius</span> <span class='ocrx_word' id='word_1_259' title='bbox 1167 4018 1240 4094; x_wconf 86' lang='lat' dir='ltr'>liat,</span> 
     </span>
     <span class='ocr_line' id='line_1_36' title="bbox 128 4121 1241 4210; baseline -0.002 -21"><span class='ocrx_word' id='word_1_260' title='bbox 128 4146 200 4210; x_wconf 91' lang='lat' dir='ltr'>quo</span> <span class='ocrx_word' id='word_1_261' title='bbox 210 4126 435 4208; x_wconf 91' lang='lat' dir='ltr'>plurimorum</span> <span class='ocrx_word' id='word_1_262' title='bbox 449 4124 607 4187; x_wconf 89' lang='lat' dir='ltr'>firmatur</span> <span class='ocrx_word' id='word_1_263' title='bbox 617 4123 764 4188; x_wconf 89' lang='lat' dir='ltr'>discreto</span> <span class='ocrx_word' id='word_1_264' title='bbox 777 4123 928 4197; x_wconf 90' lang='lat' dir='ltr'>consili0,</span> <span class='ocrx_word' id='word_1_265' title='bbox 942 4121 987 4186; x_wconf 94' lang='lat' dir='ltr'>ob</span> <span class='ocrx_word' id='word_1_266' title='bbox 1000 4123 1088 4186; x_wconf 89' lang='lat' dir='ltr'>hanc</span> <span class='ocrx_word' id='word_1_267' title='bbox 1101 4143 1241 4187; x_wconf 89' lang='lat' dir='ltr'>causam</span> 
     </span>
     <span class='ocr_line' id='line_1_37' title="bbox 130 4227 1239 4311; baseline -0.003 -18"><span class='ocrx_word' id='word_1_268' title='bbox 130 4234 270 4294; x_wconf 90' lang='lat' dir='ltr'>tantum</span> <span class='ocrx_word' id='word_1_269' title='bbox 289 4236 322 4293; x_wconf 89' lang='lat' dir='ltr'>et</span> <span class='ocrx_word' id='word_1_270' title='bbox 341 4250 410 4293; x_wconf 91' lang='lat' dir='ltr'>non</span> <span class='ocrx_word' id='word_1_271' title='bbox 433 4229 537 4292; x_wconf 89' lang='lat' dir='ltr'>aliam</span> <span class='ocrx_word' id='word_1_272' title='bbox 558 4229 730 4311; x_wconf 88' lang='lat' dir='ltr'>praelatos</span> <span class='ocrx_word' id='word_1_273' title='bbox 759 4234 793 4290; x_wconf 88' lang='lat' dir='ltr'>et</span> <span class='ocrx_word' id='word_1_274' title='bbox 824 4227 952 4290; x_wconf 88' lang='lat' dir='ltr'>clerum</span> <span class='ocrx_word' id='word_1_275' title='bbox 976 4233 1114 4291; x_wconf 89' lang='lat' dir='ltr'>nostrae</span> <span class='ocrx_word' id='word_1_276' title='bbox 1136 4227 1239 4291; x_wconf 83' lang='lat' dir='ltr'>Ebor.</span> 
     </span>
     <span class='ocr_line' id='line_1_38' title="bbox 128 4329 1241 4418; baseline -0.006 -21"><span class='ocrx_word' id='word_1_277' title='bbox 128 4333 327 4418; x_wconf 88' lang='lat' dir='ltr'>provinciae</span> <span class='ocrx_word' id='word_1_278' title='bbox 366 4333 492 4397; x_wconf 87' lang='lat' dir='ltr'>mensis</span> <span class='ocrx_word' id='word_1_279' title='bbox 531 4332 678 4417; x_wconf 88' lang='lat' dir='ltr'>Augusti</span> <span class='ocrx_word' id='word_1_280' title='bbox 717 4331 771 4395; x_wconf 92' lang='lat' dir='ltr'>die</span> <span class='ocrx_word' id='word_1_281' title='bbox 811 4329 1048 4395; x_wconf 90' lang='lat' dir='ltr'>tertiodecimo</span> <span class='ocrx_word' id='word_1_282' title='bbox 1087 4332 1241 4414; x_wconf 87' lang='lat' dir='ltr'>proxime</span> 
     </span>
     <span class='ocr_line' id='line_1_39' title="bbox 130 4432 1232 4521; baseline -0.007 -20"><span class='ocrx_word' id='word_1_283' title='bbox 130 4438 249 4502; x_wconf 91' lang='lat' dir='ltr'>futuro</span> <span class='ocrx_word' id='word_1_284' title='bbox 273 4445 349 4521; x_wconf 87' lang='lat' dir='ltr'>post</span> <span class='ocrx_word' id='word_1_285' title='bbox 374 4437 496 4501; x_wconf 88' lang='lat' dir='ltr'>datum</span> <span class='ocrx_word' id='word_1_286' title='bbox 520 4436 752 4520; x_wconf 88' lang='lat' dir='ltr'>praesentium</span> <span class='ocrx_word' id='word_1_287' title='bbox 774 4436 808 4499; x_wconf 93' lang='lat' dir='ltr'>in</span> <span class='ocrx_word' id='word_1_288' title='bbox 831 4434 971 4499; x_wconf 85' lang='lat' dir='ltr'>ecclesia</span> <span class='ocrx_word' id='word_1_289' title='bbox 993 4440 1113 4499; x_wconf 89' lang='lat' dir='ltr'>nostra</span> <span class='ocrx_word' id='word_1_290' title='bbox 1136 4432 1232 4500; x_wconf 85' lang='lat' dir='ltr'>Ebor</span> 
     </span>
    </p>
   </div>
   <div class='ocr_carea' id='block_1_3' title="bbox 304 4572 326 4634">
    <p class='ocr_par' dir='ltr' id='par_1_3' title="bbox 304 4572 326 4634">
     <span class='ocr_line' id='line_1_40' title="bbox 304 4572 326 4634; baseline 0 0"><span class='ocrx_word' id='word_1_291' title='bbox 304 4572 326 4634; x_wconf 90' lang='lat'>9</span> 
     </span>
    </p>
   </div>
   <div class='ocr_carea' id='block_1_4' title="bbox 0 0 1464 5010">
    <p class='ocr_par' dir='ltr' id='par_1_4' title="bbox 0 0 1464 5010">
     <span class='ocr_line' id='line_1_41' title="bbox 0 0 1464 5010; baseline 0 0"><span class='ocrx_word' id='word_1_292' title='bbox 0 0 1464 5010; x_wconf 95' lang='lat' dir='ltr'> </span> 
     </span>
    </p>
   </div>
  </div>
 </body>
</html>
