2918 5010
171 348 236 431 336
466 349 468 354 '
556 347 730 415 Reconns
760 365 807 415 or
832 365 904 415 rus

695 542 760 608 III.

171 685 345 748 SYNODUS
368 684 711 749 PONTEFRACTENSIS
734 701 772 749 ΙΝ
796 700 992 750 PROVINCIA
1014 685 1272 754 EBORACENSI.

252 822 344 899 [Reg.
365 822 538 891 Wickwan,
559 822 666 892 Ebot„
688 822 709 882 l.
730 825 771 899 2].

259 957 447 1022 Willelmus
479 958 713 1042 permissione,
739 965 816 1035 etc.,
842 959 967 1025 dilecto
995 960 1029 1026 in
1056 959 1199 1028 Christo
1223 962 1293 1027 filio

172 1062 411 1128 archidiacono
442 1062 641 1146 Clyveland,
673 1063 832 1139 salutem,
864 1069 929 1129 etc.
977 1063 1067 1149 Quia
1106 1067 1289 1133 communi

173 1167 418 1232 deliberatione
444 1173 561 1232 nostra
588 1172 622 1230 et
649 1167 791 1251 capituli
818 1167 926 1232 nostri
953 1167 1184 1234 Eboracensis
1211 1190 1292 1235 con·

173 1271 316 1337 firmiter
335 1271 455 1336 habita
475 1270 650 1355 provisum
671 1278 722 1336 est
743 1273 837 1357 quod
856 1272 1002 1358 quilibet
1022 1273 1292 1340 archidiaconus

174 1396 236 1461 pro
265 1376 418 1440 subsidio
448 1375 588 1440 domino
619 1376 688 1461 regi
719 1377 877 1442 faciendo
906 1397 986 1442 suos
1016 1377 1178 1443 subditos
1209 1400 1291 1444 con·

173 1480 324 1554 vocabit,
343 1486 425 1544 vota
445 1486 479 1543 et
497 1480 721 1545 liberalitates
738 1501 841 1564 super
857 1481 922 1544 hoc
939 1481 1085 1546 attentis
1102 1486 1139 1546 et
1157 1485 1290 1549 votivis

172 1583 429 1649 inductionibus
450 1590 676 1660 scrutaturus,
699 1585 750 1649 ita
770 1584 864 1670 quod
886 1584 941 1649 die
962 1585 1103 1650 Veneris
1125 1588 1289 1670 proximo

173 1693 253 1752 ante
275 1688 402 1752 festum
424 1687 571 1753 Sanctae
593 1688 821 1753 scholasticae
838 1688 986 1774 Virginis
1005 1689 1152 1774 quilibet
1175 1693 1287 1758 archi-

174 1792 338 1857 diaconus
364 1813 443 1858 cum
469 1793 604 1858 duobus
631 1794 754 1880 dignae
780 1795 986 1861 eminentiae
1012 1795 1095 1860 viris
1121 1802 1156 1861 et
1184 1799 1289 1863 unico

175 1897 280 1981 ipsius
294 1897 592 1964 archidiaconatus
606 1898 746 1973 decano
762 1900 861 1964 nobis
875 1899 968 1984 apud
984 1899 1287 1967 Pontemfractum

174 2002 232 2066 ubi
272 2002 496 2086 personaliter
533 2004 668 2080 erimus,
710 2005 783 2069 Deo
821 2004 938 2079 dante,
979 2025 1182 2090 responsum
1223 2028 1288 2092 pro

174 2107 424 2172 communitate
455 2107 563 2172 totius
595 2108 894 2173 archidiaconatus
926 2109 1053 2184 iaciat;
1094 2111 1195 2174 vobis
1228 2113 1287 2176 de·

173 2212 377 2298 nunciamus
404 2216 443 2275 ut
471 2211 581 2276 modis
608 2213 767 2278 omnibus
795 2214 829 2277 in
858 2213 1139 2278 archidiaconatu
1165 2221 1286 2281 vestro

174 2336 252 2380 cum
276 2335 384 2400 prona
407 2315 580 2380 celeritate
604 2316 760 2381 similiter
782 2316 872 2380 idem
902 2315 973 2391 fiat,
998 2317 1048 2381 ita
1070 2317 1166 2402 quod
1190 2320 1285 2403 apud

175 2419 470 2484 Pontemlractum
503 2440 703 2504 responsum
737 2421 770 2485 in
806 2420 915 2484 forma
947 2420 1147 2505 supradicta
1180 2441 1286 2506 super

172 2529 305 2609 quanto
336 2529 369 2587 et
400 2524 609 2607 quantitatis
639 2524 743 2589 modo
773 2525 906 2608 plenius
936 2524 1149 2600 habeamus;
1186 2526 1283 2610 quod

174 2628 370 2693 nullatenus
391 2627 573 2692 omittatis
620 2629 713 2694 Vale.
736 2629 867 2694 Datum
887 2628 981 2713 apud
1004 2629 1107 2693 Ebor.
1129 2628 1183 2713 vjo
1203 2629 1282 2696 Kal.

174 2733 252 2817 Jan.
274 2731 395 2816 pontii.
416 2732 523 2795 nostri
543 2753 634 2797 anno
652 2733 772 2817 primo
823 2737 906 2816 [ab.
929 2732 1037 2815 1280}

175 2888 397 2953 Resrousuu
422 2887 542 2952 Ceam.

262 3030 382 3094 (oram
412 3030 520 3104 vobis,
550 3029 736 3094 reverendo
764 3037 862 3114 patre
889 3030 1029 3094 domino
1057 3029 1280 3114 Wlickwane]

175 3135 237 3200 Dei
257 3135 368 3219 gratia
390 3135 595 3198 Eboracensi
616 3135 881 3218 archiepiscopo,
903 3141 967 3199 etc.
1020 3134 1222 3218 Proponunt
1248 3142 1283 3200 et

173 3239 293 3304 dicunt
306 3238 415 3303 clerici
429 3238 619 3302 dioeceseos
633 3238 1028 3323 Eboracensis,·except0
1041 3238 1283 3304 archidiacono

176 3343 433 3417 Richmondiae,
467 3342 561 3426 quod
595 3342 629 3405 in
662 3342 917 3408 contributione
952 3342 1107 3407 iacienda
1141 3342 1283 3407 domino

175 3454 293 3511 nostro
316 3447 382 3530 regi
406 3447 547 3531 Angliae
569 3446 702 3519 illustri,
726 3448 936 3512 unanimiter
956 3447 1148 3512 concedunt
1171 3448 1283 3512 eidem

174 3552 341 3617 decimam
359 3551 600 3615 beneficiorum
615 3571 754 3615 suorum
772 3552 1078 3616 ecclesiasticorum
1093 3552 1283 3616 secundum

176 3655 389 3720 taxationem
421 3653 683 3738 Norwycensem
716 3654 809 3738 prius
841 3655 981 3731 factam,
1010 3663 1043 3720 et
1076 3677 1156 3731 non,
1183 3657 1210 3720 si
1240 3656 1282 3721 de

174 3780 266 3825 novo
292 3758 482 3823 faciendam
499 3778 613 3842 ;—per
634 3759 720 3822 duos
744 3779 853 3823 annos
872 3760 1046 3825 duntaxat
1063 3759 1166 3835 ;—ita
1187 3760 1282 3845 quod

175 3865 268 3930 dicta
304 3862 435 3927 decima
473 3882 532 3946 per
569 3863 756 3927 ordinarios
793 3863 944 3928 locorum
982 3865 1035 3928 vel
1073 3866 1117 3928 ab
1154 3864 1282 3928 eisdem

175 3971 371 4055 deputatos,
401 3974 435 4031 et
465 3988 531 4031 non
562 3987 621 4050 per
649 3967 733 4030 alios
761 3966 963 4050 colligatur;
1001 3974 1035 4032 et
1063 3967 1156 4051 quod
1186 3968 1282 4032 dicta

175 4076 307 4141 decima
326 4074 482 4137 solvatur
500 4071 543 4135 ad
564 4071 650 4135 duos
670 4071 834 4134 terminos
854 4072 945 4145 anni,
967 4071 1150 4154 incipiente
1170 4072 1283 4153 primo

176 4181 322 4245 termino
353 4178 386 4242 in
422 4176 510 4240 festa
544 4175 668 4240 natalis
704 4175 852 4248 Domini,
885 4191 918 4238 Α.
952 4190 984 4238 G.
1020 4173 1114 4246 1280,
1147 4180 1181 4237 et
1214 4175 1282 4238 alio

177 4285 322 4350 termino
340 4283 373 4348 in
391 4281 478 4345 sesto
495 4280 619 4344 natalis
635 4279 728 4343 beati
745 4278 913 4360 Johannis
931 4277 1110 4360 Baptistae
1127 4276 1282 4358 proxime

175 4396 345 4465 secutum,
360 4395 394 4451 et
410 4387 456 4451 sic
473 4385 682 4450 terminatim
698 4403 805 4468 usque
821 4382 863 4444 ad
881 4381 1039 4445 ultimam
1054 4378 1278 4444 solutionem:
