2918 5010
194 370 196 376 ¹
252 367 317 432 350
641 352 814 419 choaos
838 369 884 418 or
906 370 978 418 rua
1036 379 1038 385 ·

251 544 400 628 aliquem
428 545 631 610 defunctum
659 551 827 630 tanquam
855 551 1026 621 sanctum,
1053 552 1366 632 quantumcunque

253 649 362 713 bonae
394 651 487 714 vitae
520 651 633 725 luerit,
661 650 795 734 publice
827 651 992 726 venerari,
1021 656 1082 715 aut
1110 650 1224 715 eidem
1250 653 1366 736 palam

253 758 287 816 et
310 753 444 836 publice
467 755 597 828 offerre,
619 754 727 818 donec
747 754 837 818 idem
858 754 1043 818 defunctus
1062 754 1107 818 ab
1127 755 1271 820 ecclesia
1290 763 1326 821 et
1348 778 1367 821 a

253 856 411 922 Romano
429 859 592 942 pontifice
611 859 713 923 fuerit
733 860 956 942 approbatus,
976 879 1016 924 ac
1034 858 1190 942 ejusdem
1210 859 1366 926 defuncti

251 982 375 1026 nomen
398 963 432 1027 in
454 964 636 1048 cathalogo
661 962 809 1028 Romani
832 963 1004 1047 pontificis
1025 964 1129 1028 fuerit
1151 964 1365 1049 ascriptum:

252 1067 280 1129 si
299 1068 376 1151 quis
395 1068 450 1132 vel
468 1068 527 1152 qui
548 1069 780 1133 contrafacere
801 1067 1066 1151 praesumpserit
1086 1068 1141 1132 vel
1163 1089 1367 1156 praesump-

252 1171 368 1247 serint,
382 1172 569 1237 secundum
582 1193 752 1237 canonum
766 1173 928 1237 instituta
941 1171 1104 1256 punietur
1115 1178 1150 1236 et
1163 1173 1365 1256 punientur,

253 1296 331 1340 curn
355 1277 494 1340 ecclesia
519 1277 676 1341 militaris
699 1297 800 1360 saepe
825 1277 913 1341 fallit
937 1283 971 1340 et
996 1276 1138 1342 fallitur.
1198 1277 1366 1343 Nonnulli

254 1386 369 1443 tamen
397 1388 534 1444 nostrae
561 1382 714 1446 Eborum
741 1381 933 1446 dioeceseos
959 1379 1086 1445 Christi
1112 1381 1240 1458 fideles,
1270 1403 1367 1466 prae

254 1484 433 1549 missorum
473 1506 644 1550 canonum
682 1486 787 1560 scioli,
825 1485 906 1569 ipsis
944 1486 1133 1550 canonibus
1168 1487 1296 1570 spretis
1332 1496 1366 1552 et

253 1587 424 1672 neglectis,
443 1590 651 1655 auctoritate
671 1590 819 1674 propria,
837 1596 872 1653 et
890 1590 1097 1654 auctoritate
1113 1590 1277 1655 ecclesiae
1293 1591 1366 1656 sive

255 1691 402 1757 Romani
423 1694 594 1778 pontificis
614 1694 753 1759 minime
773 1693 916 1768 suffulti,
938 1694 1051 1759 locum
1071 1694 1131 1758 ubi
1151 1701 1273 1760 statua
1293 1697 1366 1760 sive

254 1798 366 1880 imago
397 1798 534 1863 Henrici
565 1800 624 1874 Vl,
654 1799 830 1883 quondam
855 1798 897 1862 de
922 1799 1015 1863 facto
1039 1799 1125 1883 regis
1148 1799 1305 1883 Angliae,
1332 1801 1366 1865 in

254 1902 393 1966 ecclesia
419 1911 536 1968 nostra
562 1903 812 1987 metropolitica
839 1903 943 1967 Ebor.
972 1903 1179 1978 situabatur,
1209 1905 1366 1969 venerari

254 2013 288 2071 et
314 2007 440 2071 ibidem
466 2008 599 2092 publice
623 2008 743 2072 offerre
768 2014 1004 2091 praesumunt,
1029 2028 1231 2092 quanquam
1258 2009 1367 2093 ipsius

253 2132 375 2195 corpus
392 2133 461 2176 non
480 2112 605 2176 ibidem
623 2113 682 2176 sed
700 2112 837 2176 aliunde
854 2113 899 2176 sit
916 2112 1111 2186 humatum,
1131 2112 1165 2176 in
1182 2121 1364 2197 contemp·

255 2222 329 2279 turn
350 2217 508 2280 ecclesiae
529 2216 728 2280 universalis
748 2223 782 2280 et
803 2216 836 2279 in
857 2215 1083 2298 vilipendium
1104 2216 1234 2281 domini
1254 2218 1364 2281 nostri

255 2320 415 2392 Edwardi
457 2321 645 2405 Anglorum
686 2320 772 2405 regis
813 2320 939 2403 quarti,
983 2319 1196 2403 aliorumque
1237 2320 1365 2385 Christi

254 2424 405 2488 fidelium
437 2425 631 2509 exemplum
663 2424 912 2508 perniciosum:
953 2443 1059 2507 quare
1090 2424 1189 2488 vobis
1217 2424 1363 2490 firmiter

256 2528 466 2612 injungendo
497 2528 702 2593 mandamus
733 2534 905 2612 quatenus
937 2528 1107 2593 moneatis
1137 2529 1299 2594 omnibus
1330 2537 1365 2594 et

254 2632 394 2716 singulis
426 2633 562 2696 decanis
595 2633 701 2696 totius
732 2639 870 2696 nostrae
902 2632 1128 2697 Eboracensis
1159 2632 1363 2708 dioeceseos,

254 2745 425 2819 quatenus
461 2737 523 2818 ipsi
560 2736 678 2799 decani
715 2744 749 2799 et
785 2757 902 2801 eorum
939 2737 1094 2821 quilibet,
1132 2737 1294 2801 omnibus
1329 2744 1363 2801 et

253 2840 393 2921 singulis
416 2841 448 2902 in
472 2839 576 2921 ipsius
598 2861 656 2904 seu
680 2841 829 2922 ipsorum
853 2841 1023 2904 decanatu
1046 2840 1101 2903 vel
1126 2840 1363 2913 decanatibus,

254 2950 391 3007 moneat
413 2965 471 3008 seu
494 2952 666 3018 moneant,
689 2966 767 3008 curn
790 2945 924 3018 effectu,
947 2966 1034 3028 qnos
1055 2944 1160 3008 etiam
1182 2965 1245 3008 nos
1266 2964 1364 3027 prae·

253 3050 400 3114 sentium
426 3055 542 3113 tenore
567 3070 745 3113 monemus
768 3049 861 3132 quod
886 3049 948 3131 ipsi
973 3056 1008 3112 et
1032 3069 1148 3112 eorum
1172 3048 1297 3132 singuli
1321 3049 1364 3113 de

252 3160 387 3217 caetero
412 3156 455 3218 ab
479 3154 675 3236 hujusmodi
695 3154 915 3216 veneratione
935 3153 1017 3216 dicti
1039 3152 1102 3216 loci
1126 3152 1159 3215 in
1185 3153 1362 3236 praedicta

252 3267 367 3322 nostra
404 3259 541 3322 ecclesia
577 3258 827 3341 metropolitica
864 3259 966 3321 Ebor.
1000 3277 1035 3319 se
1066 3257 1265 3320 abstineant
1298 3260 1362 3321 sub

252 3383 360 3443 poena
399 3363 505 3444 juris;
545 3363 750 3426 Intimantes
788 3362 947 3425 omnibus
985 3369 1017 3424 et
1057 3359 1196 3444 singulis
1234 3360 1362 3425 Christi

244 3466 408 3543 vfidelibus
424 3466 536 3529 dictae
553 3473 689 3530 nostrae
705 3466 896 3530 dioeceseos
912 3466 939 3528 si
956 3472 1075 3529 contra
1094 3465 1187 3549 prius
1203 3471 1361 3530 nostrum

251 3570 454 3633 mandatum
477 3570 606 3653 aliquid
628 3577 838 3652 attemptare
860 3569 1160 3653 praesumpserint,
1182 3589 1241 3633 seu
1263 3589 1360 3652 prae-

251 3675 432 3757 sumpserit
467 3659 589 3757 aliquis
622 3675 818 3748 eorundem,
853 3675 945 3758 qnod
979 3694 1041 3736 nos
1074 3673 1211 3737 eosdem
1245 3674 1363 3737 taliter

251 3779 431 3861 puniemus
474 3779 567 3861 quod
611 3779 713 3843 ceteri
759 3779 914 3862 exemplo
954 3778 1125 3862 perterriti
1170 3777 1361 3842 consimilia

251 3889 445 3965 perpetrare
473 3882 718 3946 fonnidabunt.
769 3884 909 3953 Datum.
936 3891 1012 3956 etc,
1042 3882 1133 3965 apud
1163 3881 1295 3964 Scroby
1319 3900 1361 3965 27

249 3988 325 4051 Oct.
348 4004 419 4050 ab.
443 4004 525 4068 1470
546 3993 580 4048 et
601 3995 737 4050 nostrae
758 3987 991 4050 translationis
1012 4007 1102 4049 anno
1122 3986 1166 4048 iv.

370 4125 445 4184 This
475 4125 633 4203 tendency
663 4135 695 4183 to
724 4133 796 4184 turn
826 4145 843 4183 a
874 4133 970 4201 party
998 4125 1103 4184 leader
1131 4125 1199 4183 into
1228 4144 1246 4183 a
1274 4126 1359 4185 saint

288 4241 423 4300 appears
447 4221 512 4280 also
536 4228 569 4280 at
594 4222 681 4279 Yorlr
705 4229 737 4280 at
762 4241 801 4280 an
826 4220 936 4279 earlier
959 4222 1044 4280 (late.
1089 4221 1172 4279 Soon
1198 4221 1281 4280 alter
1305 4222 1362 4282 the

287 4317 476 4376 scandalous
508 4317 676 4375 <aeonion
710 4317 743 4374 ol
774 4315 974 4392 Archhishop
1006 4317 1121 4393 Scrope
1155 4316 1185 4375 in
1221 4333 1298 4393 1405
1333 4319 1357 4378 ir

288 4415 417 4475 became
444 4433 610 4492 necessary
638 4414 685 4471 lor
712 4413 798 4490 King
826 4413 936 4488 Henry
965 4412 1035 4470 lV’s
1063 4421 1159 4492 party
1188 4419 1221 4472 to
1249 4413 1360 4477 forbid
