2918 5010
498 766 907 862 RECORDS

627 949 670 994 OF
690 948 758 994 THE

147 1074 574 1168 nonrnnnn
651 1000 1440 1224 convocation.''³''··³.‘3.·3.-j„

416 1357 689 1430 COMMON
745 1357 970 1432 FORMS.

140 1734 169 1798 A
191 1734 319 1800 Krno’s
340 1735 444 1800 Wnrr
464 1752 531 1801 ron
552 1735 823 1802 Convocarron

261 1887 328 1948 The
347 1888 429 1948 form
449 1888 483 1948 oi
501 1907 520 1947 a
539 1887 758 1948 Convocation
777 1888 870 1960 Writ,
887 1889 991 1950 issued
1008 1890 1051 1968 by
1067 1889 1122 1951 the
1137 1889 1248 1951 Crown

181 1984 245 2044 and
262 1984 434 2044 addressed
453 1991 487 2044 to
505 1984 560 2043 the
578 1984 780 2054 Arcbbishop
797 1985 831 2045 oi
848 1984 947 2046 York.

228 2145 313 2221 Rex,
338 2152 415 2221 etc,
442 2144 724 2211 reverendissimo
748 2145 782 2210 in
808 2144 946 2211 Christo
968 2146 1112 2230 patri..
1133 2147 1248 2213 ‚Ebo

138 2250 266 2313 racensi
298 2250 573 2334 Archiepiscop0‚
606 2250 748 2334 Angliae
786 2250 926 2334 primati
960 2251 1008 2334 [et
1039 2252 1249 2336 apostolicae

70 2390 74 2396 -
137 2352 226 2417 sedis
241 2354 366 2440 legato]
387 2355 545 2419 salutem.

224 2470 438 2556 Quibusdam
454 2471 570 2536 arduis
585 2477 619 2535 et
636 2472 839 2556 urgentibus
853 2472 1000 2558 negotiis
1015 2472 1247 2540 defensionem

137 2581 171 2639 et
189 2576 411 2641 securitatem
430 2576 601 2640 Ecclesiae
620 2576 829 2661 Anglicanae
847 2597 888 2642 ac
904 2596 1037 2661 pacem,
1057 2577 1249 2663 tranquilli-

138 2686 247 2744 tatem
271 2687 304 2744 et
329 2682 459 2745 bonum
485 2681 662 2764 publicum
686 2687 721 2745 et
746 2681 979 2746 defensionem
1006 2679 1117 2767 Regni
1140 2683 1248 2748 nostri

137 2798 171 2848 et
228 2785 446 2850 subditorum
500 2793 696 2850 nostrorum
746 2784 900 2868 ejusdem
950 2787 1249 2863 concernentibus,

138 2890 244 2954 Vobis
261 2890 294 2954 in
314 2889 379 2954 fide
396 2896 430 2954 et
448 2890 631 2955 dilectione
648 2890 774 2974 quibus
789 2890 889 2953 nobis
906 2891 1080 2967 tenemini,
1098 2891 1250 2976 rogando

137 2993 342 3059 mandamus
371 3001 545 3078 quatenus
576 2994 770 3079 praemissis
799 2993 917 3058 debito
945 2994 1076 3059 intuitu
1105 2995 1250 3061 attentis

137 3104 171 3163 et
204 3098 414 3183 ponderatis,
448 3100 626 3164 universos
657 3106 692 3163 et
724 3099 875 3184 singulos
907 3099 1084 3182 episcopos
1115 3105 1250 3165 vestrae

138 3202 347 3278 Provinciae,
386 3224 425 3268 ac
472 3203 629 3268 Decanos
668 3208 702 3267 et
739 3207 977 3286 praecentores
1016 3202 1247 3269 Ecclesiarum

136 3306 403 3382 cathedralium,
435 3307 600 3383 Abbates,
633 3307 776 3382 Priores
808 3313 843 3371 et
873 3307 956 3371 alios
986 3306 1160 3383 electivos,
1192 3326 1249 3373 ex·

136 3419 271 3495 emptos
301 3417 336 3474 et
368 3432 436 3476 non
467 3419 658 3496 exemptos,
689 3432 822 3476 necnon
854 3409 1131 3488 Archidiaconos,
1162 3410 1248 3477 Con·

136 3525 271 3587 ventus,
292 3516 453 3601 Capitula
474 3524 509 3580 et
531 3516 689 3602 collegia,
708 3522 893 3601 totumque
912 3515 1041 3583 clerum
1062 3514 1248 3600 cujuslibet

135 3619 326 3684 dioeceseos
350 3620 504 3704 ejusdem
528 3621 735 3705 provinciae,
762 3620 807 3685 ad
831 3619 1108 3686 conveniendum
1132 3640 1248 3689 coram

136 3726 235 3789 vobis
251 3725 285 3789 in
303 3725 454 3790 Ecclesia
478 3725 595 3790 Sancti
622 3725 712 3789 Petri
736 3726 771 3790 in
793 3725 950 3790 Eboraco
963 3726 1017 3790 vel
1034 3724 1127 3802 alibi,
1145 3734 1250 3811 prout

137 3830 256 3895 melius
269 3830 429 3914 expedire
442 3829 608 3904 videritis,
623 3850 703 3894 cum
716 3829 810 3894 omni
824 3829 999 3894 celeritate
1012 3831 1248 3908 accommoda,

137 3934 239 3999 modo
259 3933 378 3999 debito
398 3935 578 4000 convocari
597 3933 743 4009 faciatis,
761 3933 806 3999 ad
823 3933 1056 4011 tractandum,
1078 3936 1249 4001 consenti-

136 4039 273 4114 endum,
299 4044 334 4103 et
360 4039 635 4104 concludendum
659 4059 761 4123 super
784 4039 978 4123 praemissis
1002 4044 1036 4103 et
1060 4039 1136 4104 aliis
1160 4060 1251 4125 quae

136 4144 199 4207 sibi
221 4144 346 4208 clarius
368 4150 605 4228 proponentur
627 4150 710 4208 tunc
731 4151 766 4208 et
787 4143 915 4208 ibidem
936 4163 978 4208 ex
999 4149 1098 4228 parte
1119 4150 1249 4212 nostra.

137 4249 183 4313 Et
206 4250 281 4322 hoc,
299 4249 388 4312 sicut
412 4268 474 4312 nos
496 4255 530 4312 et
553 4254 687 4313 statum
705 4247 814 4333 Regni
837 4247 946 4312 nostri
969 4253 1003 4312 et
1027 4249 1192 4335 honorem
1215 4257 1250 4314 et

136 4352 324 4417 utilitatem
381 4353 551 4417 Ecclesiae
605 4352 802 4438 praedictae
851 4352 1005 4438 diligitis,
1052 4352 1251 4420 nullatenus

37 4511 42 4522 .
136 4457 317 4522 omittatis.
365 4457 467 4522 Teste
484 4457 625 4542 meipso

290 4591 330 4667 '1
