2918 5010
225 368 288 453 146
611 368 783 431 Rnconbs
806 384 852 431 or
875 386 946 432 rins

262 560 295 619 oi
318 559 510 620 uneasiness.
555 559 617 618 For
639 557 779 617 Thomas
804 557 995 628 Richmond,
1020 577 1039 618 a
1063 558 1200 619 Brother
1222 558 1257 618 ol
1279 559 1336 619 the

264 656 373 716 House
389 656 422 715 oi
438 655 492 716 the
509 655 672 714 hlinorites
688 653 722 712 ol
738 653 836 723 York,
853 673 917 713 was
933 674 1004 714 now
1019 655 1209 714 summoned
1224 655 1335 715 before

263 752 318 813 the
335 750 562 829 Archbishop’s
579 750 678 810 Court
696 750 760 809 and
779 751 833 809 the
850 750 1079 811 Convocation.

312 874 409 959 [Reg.
434 873 558 957 Kemp,
583 874 698 948 Ebor.,
724 872 745 936 f.
772 872 860 954 314]

311 1006 400 1068 Acta
421 1006 455 1068 in
477 1004 589 1068 Domo
610 1002 798 1086 Capitulari
820 1002 979 1065 ecclesiae
996 1002 1211 1067 Cathedralis
1231 1003 1334 1068 Ebor.

225 1125 283 1190 29⁰
309 1108 364 1173 die
395 1109 522 1173 mensis
553 1107 636 1190 Julii
665 1125 736 1170 no.
768 1105 862 1187 1426,
896 1127 1011 1170 coram
1043 1107 1230 1171 venerabili
1263 1109 1338 1172 viro

226 1214 391 1298 magistro
413 1213 572 1295 Johanne
595 1212 713 1285 SeloW,
738 1211 770 1274 in
794 1210 939 1273 decretis
960 1211 1149 1288 licentiato,
1172 1213 1338 1276 canonico

226 1316 461 1381 residentiario
478 1315 637 1379 ecclesiae
653 1313 867 1378 cathedralis
888 1315 1113 1379 Eboracensis
1129 1315 1337 1400 praedictae,

225 1419 496 1485 reverendissimi
534 1420 568 1482 in
605 1419 741 1482 Christo
778 1419 886 1498 patris
923 1440 962 1482 ac
1000 1420 1130 1483 domini
1167 1420 1339 1502 Johannis

226 1523 365 1608 [Kemp]
409 1541 442 1587 o.
481 1539 514 1587 G.
552 1524 655 1586 Ebor.
696 1523 951 1605 archiepiscopi,
988 1523 1130 1607 Angliue
1169 1524 1338 1607 primatis,

226 1636 261 1693 et
276 1628 484 1713 apostolicae
499 1626 588 1690 sedis
603 1627 717 1710 legati,
733 1627 768 1690 in
783 1627 1019 1710 spiritualibus
1035 1629 1163 1691 vicario
1177 1629 1336 1712 generali.

226 1733 265 1797 In
296 1732 490 1817 praesentia
519 1731 722 1795 venerabilis
751 1731 859 1814 patris
892 1731 1020 1796 domini
1055 1731 1198 1807 Nicolai,
1233 1750 1266 1796 o.
1301 1749 1335 1797 G.

225 1837 462 1901 Dromorensis
507 1836 668 1919 episcopi,
715 1834 861 1919 praefati
909 1837 1180 1900 reverendissimi
1228 1838 1338 1920 patris

223 1941 453 2026 suffraganei;
501 1960 541 2003 ac
588 1939 832 2023 magistromm
882 1940 995 2003 Briani
1039 1940 1189 2016 Fairiax,
1226 1941 1340 2024 legum

224 2045 385 2120 doctoris
420 2051 454 2108 et
488 2043 658 2127 Johannis
678 2043 861 2130 'Carletom
896 2044 1146 2109 Canonicorum
1179 2046 1341 2109 ecclesiae

224 2149 439 2215 Cathedralis
463 2150 669 2232 praedictae,
696 2170 735 2212 ac
759 2149 906 2232 praelati
933 2150 1204 2214 reverendissimi
1229 2151 1340 2235 patris

224 2254 384 2320 scaccarii
440 2254 543 2317 Ebor.
600 2253 785 2335 receptoris
838 2253 1012 2317 Edmundi
1068 2254 1248 2328 Kirketon‚
1305 2255 1340 2319 in

225 2359 407 2443 theologia,
443 2378 483 2421 ac
515 2357 685 2440 Johannis
718 2357 889 2431 Carleton,
923 2359 1036 2441 legum
1070 2359 1264 2433 doctorum,
1299 2381 1339 2424 ac

224 2463 377 2527 Thomae
398 2462 473 2536 Car,
499 2463 583 2525 civis
607 2468 641 2524 et
666 2463 864 2525 mercatoris
888 2463 1041 2525 civitatis
1066 2463 1180 2537 Ebor,
1206 2483 1340 2528 necnon

225 2568 291 2632 mei
330 2566 499 2650 Johannis
533 2565 666 2640 BelvaS,
699 2565 810 2629 clerici
843 2567 945 2629 Ebor.
979 2566 1180 2642 dioeceseos,
1213 2569 1340 2632 notarii

226 2671 353 2755 publici
380 2691 420 2734 ac
446 2670 528 2733 dicti
557 2669 760 2732 venerabilis
787 2670 849 2732 viri
878 2671 994 2734 vicarii
1021 2672 1186 2754 generalis
1213 2673 1247 2736 in
1274 2672 1340 2737 hac

226 2782 327 2858 parte
346 2775 487 2838 scribae.

312 2904 461 2988 Quidam
481 2903 587 2967 irater
603 2903 752 2967 Thomas
771 2903 995 2975 Richemond,
1010 2903 1149 2967 Ordinis
1167 2904 1338 2969 ,llinorum

224 3010 378 3074 civitatis
405 3008 611 3092 praedictae,
640 3028 808 3090 supereo
834 3007 928 3091 quod
956 3008 1026 3090 ipse
1055 3008 1086 3071 in
1115 3009 1169 3071 die
1196 3017 1337 3073 sanctae

224 3115 344 3179 Annae
377 3114 498 3178 matris
533 3113 659 3176 Mariae
692 3113 842 3197 virginis,
877 3113 911 3175 in
945 3113 1096 3196 quadam
1130 3114 1261 3197 capella
1294 3114 1337 3178 de

222 3240 312 3283 novo
343 3225 541 3282 constructa
573 3238 674 3301 super
705 3225 846 3299 pontem
878 3218 989 3300 stagni
1023 3217 1147 3280 Fossae
1178 3219 1335 3282 civitatis

224 3324 431 3406 praedictae,
452 3322 623 3406 quaedam
644 3324 748 3384 verba
769 3329 803 3384 ot
823 3322 1000 3403 opiniones
1019 3328 1140 3384 contra
1160 3323 1337 3387 ecclesiam

224 3428 326 3491 fidem
344 3448 383 3491 ac
400 3428 574 3491 ministros
591 3426 750 3489 ecclesiae
768 3426 902 3507 publice
919 3446 1033 3488 coram
1051 3426 1139 3489 clero
1156 3434 1190 3489 et
1209 3428 1337 3510 populo

224 3533 257 3595 in
285 3530 507 3594 multitudine
533 3531 671 3612 copiosa
698 3529 824 3592 ibidem
850 3530 1063 3611 congregatis
1090 3532 1335 3612 proposuisset,

223 3636 350 3698 citatus
366 3636 569 3717 comparuit,
585 3641 618 3696 et
636 3634 767 3696 dictum
782 3632 963 3695 articulum
982 3633 1044 3694 sibi
1064 3654 1123 3715 per
1139 3636 1336 3716 praelatum

223 3739 389 3802 vicariurn
417 3738 646 3801 venerabilem
674 3744 833 3800 oretenus
859 3757 900 3798 ex
928 3736 1038 3799 officio
1065 3740 1272 3820 expositum,
1301 3748 1335 3804 et

223 3841 399 3924 objectum
443 3842 592 3923 negavit,
636 3849 832 3923 protestans
874 3840 988 3922 palam
1032 3849 1065 3903 ct
1108 3843 1253 3923 publice,
1297 3851 1336 3908 ut

224 3946 379 4017 asseruit,
392 3945 483 4028 quod
497 3946 522 4007 si
536 3946 649 4028 aliqua
664 3947 766 4008 verba
780 3944 1001 4007 indeliberata
1013 3951 1133 4007 contra
1145 3947 1334 4025 ecclesiam,

224 4051 337 4123 fidem,
380 4071 438 4113 seu
480 4050 654 4112 ministros
695 4049 854 4111 ecclesiae
896 4050 1021 4111 fuerint
1064 4070 1123 4131 per
1164 4071 1252 4123 enm,
1296 4061 1335 4116 ut

223 4155 469 4238 praemittitur,
528 4153 673 4234 prolata,
733 4152 841 4215 noluit
905 4173 946 4214 ex
1008 4155 1236 4225 contumaci-1,
1297 4164 1335 4220 ut

223 4259 378 4331 asseruit,
422 4258 613 4330 delendere,
657 4257 714 4319 sed
760 4265 925 4338 tanquam
969 4256 1057 4318 silius
1099 4258 1257 4321 ecclesiae
1300 4268 1334 4324 et

224 4364 439 4426 obedientiae
455 4363 611 4446 praelato
626 4361 906 4423 reverendissimo
922 4360 1010 4442 patri
1028 4380 1066 4420 uc
1081 4359 1155 4440 ejus
1170 4362 1336 4426 ministris

223 4478 257 4532 ut
279 4469 421 4532 concilio
443 4469 475 4532 in
498 4468 657 4531 omnibus
678 4465 824 4529 obedire.
876 4464 973 4527 Unde
995 4463 1170 4546 praelatus
1193 4487 1332 4532 venera-
