2918 5010
194 363 256 434 152
579 342 751 416 choirns
775 367 820 413 or
843 364 915 413 rar,

193 545 350 610 remediis
376 545 637 629 quibuscunque
663 563 820 626 expresse
846 542 1059 611 renuncians,
1080 548 1119 605 ut
1146 540 1302 615 asseruit,

193 651 393 715 correctioni
410 650 442 714 S.
460 649 580 714 matris
595 649 765 722 ecclesiae,
782 654 815 710 et
832 645 1103 710 reverendissimi
1119 645 1153 711 in
1169 645 1305 710 Christo

194 755 302 838 patris
334 761 368 817 et
401 753 541 828 domini,
576 751 705 817 domini
738 752 917 834 Johannis‚
952 750 1015 815 Dei
1050 751 1162 836 gratia
1199 750 1303 814 Ebor.

195 858 450 943 archiepiscopi,
482 864 584 941 prout
614 858 647 921 in
677 856 903 921 submissione
933 862 966 918 et
996 855 1208 920 consessione
1236 853 1307 919 suis

102 991 108 1004 ·
195 983 300 1027 manu
330 984 393 1027 sua
422 963 559 1046 propria
589 963 623 1026 in
652 962 788 1046 scriptis
817 961 974 1035 redactis,
1005 967 1040 1024 et
1070 981 1130 1045 per
1159 959 1306 1025 eundem

195 1067 322 1132 ibidem
343 1067 478 1151 publice
498 1067 666 1150 perlectis,
687 1067 821 1152 plenius
840 1065 1046 1139 continetur,
1067 1084 1103 1127 se
1122 1063 1305 1139 submisit;

194 1193 342 1257 quarum
373 1172 610 1236 submissionis
640 1179 675 1236 et
705 1169 927 1237 confessionis
957 1175 1056 1233 tenor
1085 1167 1242 1251 sequitur
1272 1167 1306 1232 in

197 1276 280 1340 haec
305 1275 432 1339 verba:

285 1403 358 1486 Ego
382 1403 532 1466 Thomas
558 1403 772 1468 Richemond
797 1405 908 1469 lateor
931 1423 985 1467 me
1012 1404 1046 1467 in
1075 1403 1127 1467 his
1154 1402 1306 1468 articulis

197 1507 417 1591 praescriptis
449 1527 586 1570 erronee
619 1507 743 1571 dixisse
782 1516 816 1572 et
849 1507 1062 1592 praedicasse
1095 1508 1128 1571 in
1161 1507 1306 1592 vulgari,

197 1618 232 1675 et
258 1611 334 1674 ideo
362 1632 416 1674 me
445 1611 620 1675 humiliter
646 1613 815 1676 submitto
844 1632 927 1696 pure
954 1619 988 1675 et
1016 1619 1150 1695 sponte,
1177 1612 1307 1695 absque

197 1715 374 1780 coactione
391 1736 607 1800 quacunque,
626 1716 825 1780 correctioni
843 1717 989 1780 Sanctae
1009 1715 1130 1779 matris
1146 1715 1306 1779 ecclesiae

197 1827 231 1885 et
264 1819 536 1884 reverendissimi
569 1820 602 1884 in
634 1821 769 1885 Christo
801 1821 909 1904 patris
941 1826 975 1884 et
1007 1820 1146 1894 domini,
1176 1818 1304 1884 domini

198 1923 377 2007 Johannis,
434 1923 497 1988 Dei
543 1926 654 2010 gratia
708 1926 810 1990 Ebor.
862 1925 1117 2008 archicpiscopi,
1164 1924 1307 2009 Angliae

197 2029 364 2113 primatis,
389 2037 423 2093 et
447 2030 655 2114 apostolicae
678 2030 767 2094 sedis
789 2029 903 2114 legati,
927 2036 961 2092 et
985 2029 1249 2092 reverendorum
1272 2028 1306 2091 in

197 2132 333 2198 Christo
352 2134 569 2199 dominorum
589 2136 826 2218 episcoporum
851 2133 1090 2197 Dunelmensis
1113 2140 1147 2196 et
1174 2132 1307 2197 Karlio-

198 2237 299 2301 lensis
331 2245 365 2301 et
398 2239 536 2303 abbatis
567 2238 766 2303 monasterii
797 2240 919 2302 beatae
952 2237 1078 2301 Mariae
1111 2238 1213 2301 Ebor.
1243 2237 1308 2301 hoc

197 2361 294 2405 sacro
313 2341 457 2405 concilio
477 2343 756 2425 praesidentium,
777 2349 1057 2426 caeterorumque
1076 2342 1309 2425 praelatorum

198 2449 234 2508 et
277 2444 356 2507 cleri
400 2452 679 2510 convocatorum.
728 2447 804 2530 Qua
847 2447 1073 2511 submissione
1117 2466 1177 2529 per
1220 2446 1311 2530 ipsos

198 2547 355 2611 dominos
384 2548 616 2632 praesidentes
641 2550 805 2613 benevole
829 2557 863 2613 et
887 2550 1045 2633 gratiose,
1067 2557 1104 2615 ut
1130 2551 1303 2652 apparqit,

200 2651 360 2726 admissa,
381 2660 415 2715 et
435 2660 626 2737 acceptata,
647 2654 806 2718 dominus
825 2655 1064 2718 Dunelmensis
1082 2654 1124 2718 de
1143 2675 1309 2719 consensu

198 2757 533 2842 conpraesidentium
572 2778 722 2831 suorum,
761 2764 839 2841 post
878 2757 1061 2841 aliqualem
1093 2765 1307 2822 contrectum

197 2861 287 2925 inter
305 2861 442 2924 eosdem
463 2861 630 2935 habitam,
651 2863 761 2926 eidem
782 2863 877 2925 tratri
898 2862 1050 2926 Thomae
1069 2863 1159 2926 diem
1180 2863 1306 2936 lunae,

197 2966 261 3028 viz.
297 2979 340 3029 2¹¹¹
371 2965 460 3029 diem
489 2966 614 3029 mensis
648 2967 858 3049 Septembris
887 2967 1040 3048 proxime
1070 2967 1235 3041 futurum,
1265 2967 1309 3030 ad

197 3070 469 3152 comparendum
486 3071 710 3153 personaliter
725 3092 839 3135 coram
857 3071 1013 3155 praelato
1030 3071 1310 3135 reverendissimo

197 3181 296 3258 patre
326 3174 467 3238 domino
497 3176 761 3260 archiepiscopo
792 3183 853 3239 aut
882 3175 956 3258 ejus
984 3176 1226 3252 commissario
1256 3176 1311 3239 vel

197 3278 439 3343 commissoriis
473 3280 517 3343 ad
551 3281 615 3343 hoc
649 3282 720 3343 lore
754 3280 965 3364 deputando
1001 3280 1054 3343 vel
1088 3280 1309 3363 deputandis

198 3383 394 3467 ubicunque
423 3384 535 3466 ipsum
564 3384 743 3448 dominum
773 3385 1065 3467 archiepiscopum
1095 3384 1183 3447 inira
1211 3405 1309 3448 suam

196 3486 376 3551 dioecesim
421 3495 568 3571 protunc
610 3509 681 3551 esse
725 3489 917 3572 contigerit,
958 3488 1002 3552 ad
1042 3488 1237 3552 laciendum
1274 3496 1309 3553 et

198 3591 428 3675 recipiendum
457 3594 599 3656 ulterius
627 3593 660 3655 in
688 3594 751 3655 hac
778 3599 887 3675 parte,
914 3593 1007 3676 quod
1037 3593 1137 3656 luerit
1163 3593 1307 3676 justum,

197 3696 356 3780 praefixit
372 3704 406 3759 et
423 3697 610 3780 assignavit
628 3717 633 3759 :
653 3718 692 3759 ac
709 3697 818 3778 ipsam
834 3695 1125 3761 Convocationem
1141 3696 1308 3781 usquead

196 3807 360 3865 octavum
386 3802 505 3864 horam
533 3801 598 3863 diei
631 3801 806 3884 sequentis
838 3801 901 3864 viz.
932 3819 971 3882 14
997 3801 1062 3864 diei
1089 3801 1246 3886 Augusti,
1275 3803 1309 3865 in

197 3903 304 3969 Novis
338 3905 465 3969 Scolis*
490 3905 649 3968 ecclesiae
679 3906 782 3968 Ebor.
809 3906 1026 3969 continuavit
1057 3913 1139 3969 tunc
1167 3907 1306 3970 ibidem.

269 4041 281 4071 *
303 4040 351 4089 hlr.
369 4040 466 4095 bench,
488 4041 629 4088 l'orlrshiro
650 4041 764 4094 Schools,
788 4040 807 4093 l,
824 4040 899 4094 xxix,
914 4055 978 4102 says
994 4042 1056 4089 that
1076 4041 1102 4088 in
1121 4045 1185 4100 12th
1201 4041 1306 4089 theold

196 4120 309 4168 Srlnmls
329 4136 398 4169 wore
419 4121 509 4184 pullerl
531 4120 620 4173 down,
642 4136 671 4167 as
686 4120 752 4181 they
766 4121 846 4167 stood
866 4135 900 4167 on
921 4121 967 4167 the
986 4121 1037 4168 site
1057 4121 1182 4182 requireri
1203 4121 1243 4167 tor
1262 4121 1308 4168 the

198 4200 274 4249 Nave
285 4202 312 4248 ol
329 4201 374 4250 the
391 4200 518 4249 Minister:
533 4200 587 4248 and
603 4199 666 4247 that
679 4200 744 4247 then
760 4200 807 4247 the
821 4199 928 4247 schools
940 4215 1009 4247 were
1023 4199 1084 4246 held
1101 4200 1154 4258 (lor
1168 4216 1183 4247 a
1198 4201 1264 4247 time
1278 4207 1308 4248 at

196 4279 275 4335 least)
297 4280 321 4328 iu
344 4281 390 4328 thr·
411 4281 494 4328 house
514 4280 542 4326 ol
563 4279 609 4327 the
632 4279 807 4340 Prehendary
823 4278 851 4325 ot
868 4279 904 4335 (ἓ)
924 4279 1096 4340 llonnvlin's.
1136 4278 1185 4325 ΜΓ.
1203 4279 1308 4341 (ἶοορετ

196 4359 290 4407 thinks
305 4361 364 4408 that
385 4361 460 4407 thesi·
479 4360 573 4406 Novar·
588 4358 702 4406 Scholae
716 4358 742 4405 in
762 4361 826 4416 ¹42⁶
841 4373 909 4404 were
923 4373 957 4404 on
974 4358 1020 4404 the
1033 4358 1085 4404 site
1099 4357 1127 4403 ol
1143 4373 1159 4404 a
1173 4358 1306 4418 huihling.

196 4453 255 4487 now
271 4440 356 4489 called
375 4440 419 4490 thr·
434 4441 485 4488 Old
504 4439 661 4495 ltesidence,
677 4444 706 4488 at
721 4438 767 4486 the
782 4438 843 4485 SAE.
859 4451 954 4485 corner
968 4437 996 4485 ol
1010 4437 1057 4484 the
1071 4436 1192 4484 hlinster.
