2918 5010
446 381 649 444 Nonrnann
675 381 945 449 Convocarron.
1188 404 1249 470 247

228 573 424 657 Capitulum
464 570 617 655 ejusdem
659 573 818 636 ecclesiae
860 583 1004 659 metrop.
1046 576 1147 641 Ebor.
1189 598 1249 661 per

142 676 341 762 Magistrum
359 677 528 741 Thomam
546 676 673 741 Mercer
688 676 843 741 exhibuit
861 679 1022 763 originale
1039 679 1246 745 mandatum

140 803 179 845 ac
204 783 308 846 etiam
334 781 607 865 procuratorium
632 801 693 864 pro
718 781 837 845 eodem
862 790 895 846 et
922 783 1000 847 lecit
1025 804 1061 847 se
1085 805 1244 869 procura·

142 894 261 960 torem,
282 894 345 950 etc.

228 1017 497 1080 Archidiaconus
514 1015 737 1079 Eboracensis
750 1017 982 1099 personaliter,
997 1025 1031 1081 et
1044 1018 1237 1082 introduxit

140 1120 345 1184 mandatum
363 1120 524 1204 originale
543 1127 576 1182 et
595 1119 808 1193 certificavit,
828 1129 891 1185 etc.

227 1251 342 1314 (leros
359 1249 613 1332 Jurisclictionis
630 1249 779 1332 Capituli
797 1250 955 1314 ecclesiae
972 1253 1242 1336 metropoliticae

141 1355 363 1419 Eboracensis
410 1375 470 1438 per
517 1353 716 1438 Magistrum
763 1354 957 1436 Johannem
1003 1355 1161 1421 Coltman
1208 1364 1243 1421 et

138 1459 305 1522 Thomam
323 1459 349 1521 F
351 1479 441 1522 errer
457 1459 657 1521 exhibentes
673 1464 708 1520 et
725 1457 898 1532 iacientes,
916 1466 980 1524 etc.
1095 1531 1099 1538 ⁸

225 1587 387 1652 Officialis
410 1586 718 1651 Archidiaconatus
742 1587 965 1652 Eboracensis
987 1590 1218 1672 personaliter.

224 1718 339 1781 (leros
355 1717 508 1799 ejusdem
526 1716 860 1799 Archildiaconatusl
880 1725 1158 1802 comparuerunt.

226 1847 376 1931 Magistri
419 1846 590 1909 Robertus
628 1844 866 1909 Haldesworth
902 1866 1016 1910 sacrae
1052 1847 1242 1932 theologiae

137 1953 316 2035 professor,
343 1958 376 2013 et
401 1950 550 2014 Thomas
571 1950 690 2014 Ferrer
708 1949 917 2024 exhibentes,
938 1957 1001 2015 etc.

226 2079 494 2142 Archidiaconus
519 2077 713 2162 Estridinge
738 2078 959 2162 personaliter
983 2081 1187 2163 comparuit.

225 2208 387 2272 Officialis
427 2207 665 2271 Archidiaconi
708 2206 902 2291 Estridinge
944 2227 1004 2290 per
1043 2207 1243 2293 Magistrum

140 2312 344 2376 Willelmum
375 2313 501 2375 Bamet
530 2311 748 2375 exhibentem
779 2311 1061 2376 substitutionem
1093 2311 1246 2397 Magistri

141 2417 280 2481 lloberti
305 2416 437 2497 Wadle]
462 2414 613 2479 officialis
635 2415 772 2489 ibidem,
795 2421 830 2477 et
855 2415 934 2479 lecit
961 2436 996 2479 se
1024 2423 1157 2500 partem
1185 2437 1246 2501 pro

138 2522 268 2594 codem,
284 2529 348 2585 etc.
387 2520 585 2585 introduxit
596 2518 800 2584 mandatum
813 2519 973 2603 originale
990 2527 1025 2583 et
1041 2521 1162 2596 certis„
1180 2529 1244 2586 etc.

228 2651 342 2714 Clerus
393 2649 547 2732 ejusdem
599 2648 906 2713 Archidiaconatus
957 2671 1016 2733 per
1067 2650 1247 2736 Magistros

140 2755 333 2836 johannem
353 2753 561 2818 Brandesbie
578 2760 613 2816 et
628 2753 819 2816 Robertum
832 2752 939 2816 Wade
952 2754 1162 2829 exhibentes
1180 2762 1245 2820 etc.

226 2881 495 2945 Archidiaconus
547 2880 730 2945 Cleveland
775 2882 966 2965 comparuit
1012 2884 1244 2966 personaliter,

139 2986 312 3060 exhibens,
333 2993 398 3049 etc.

226 3113 387 3178 Officialis
399 3111 553 3195 ejusdem
564 3111 874 3175 Archidiaconatus
885 3114 1077 3196 comparuit
1089 3135 1248 3198 persona·

141 3218 225 3282 liter.

229 3334 388 3417 Magister
413 3332 600 3396 Willelmus
626 3332 796 3415 Haxoppe
820 3331 972 3396 officialis
995 3333 1132 3399 ibidem.

228 3460 342 3523 Clerus
391 3460 544 3543 ejusdem
594 3458 901 3525 Archidiaconatus
941 3481 1001 3545 per
1044 3467 1246 3548 magistrum

140 3565 334 3647 johannem
359 3564 516 3629 Coltman
542 3573 575 3628 et
600 3564 786 3628 Ricardum
806 3565 928 3639 Sawer,
949 3565 1159 3642 exhibentes
1180 3576 1245 3634 etc.

228 3694 495 3759 Archidiaconus
527 3694 756 3779 Nottingham
788 3695 1011 3777 personaliter
1040 3698 1244 3782 comparuit,

140 3807 173 3862 et
193 3798 384 3863 introduxit
404 3799 619 3873 mandatum,
639 3805 703 3862 etc.

227 3929 389 3993 Ollicialis
422 3928 729 3993 Archidiaconatus
763 3927 990 4014 Nottingham
1023 3933 1247 4015 personaliter

141 4034 344 4117 comparuit,
369 4034 451 4117 qnia
475 4040 631 4118 aegrotat
661 4033 721 4096 Mr.
750 4033 916 4097 Ricardus
944 4033 1067 4118 Wylde
1095 4037 1247 4104 officialis

143 4138 278 4201 ibidem.

228 4255 342 4318 Clarus
368 4255 522 4337 ejusdem
549 4253 855 4318 Archidiaconatus
882 4276 941 4339 per
966 4256 1099 4322 dictum
1127 4260 1248 4346 Magis-

143 4366 234 4423 trum
270 4359 454 4423 Ricardum
487 4357 595 4422 Wilde
627 4366 662 4423 et
695 4359 897 4444 Magistrum
930 4360 1100 4426 Thomam
1132 4363 1250 4432 Ferrer

142 4464 354 4538 exhibentes,
375 4471 439 4528 etc.
