<?xml version="1.0" encoding="UTF-8"?>
<!DOCTYPE html PUBLIC "-//W3C//DTD XHTML 1.0 Transitional//EN"
    "http://www.w3.org/TR/xhtml1/DTD/xhtml1-transitional.dtd">
<html xmlns="http://www.w3.org/1999/xhtml" xml:lang="en" lang="en">
 <head>
  <title>
</title>
<meta http-equiv="Content-Type" content="text/html;charset=utf-8" />
  <meta name='ocr-system' content='tesseract 3.04.00' />
  <meta name='ocr-capabilities' content='ocr_page ocr_carea ocr_par ocr_line ocrx_word'/>
</head>
<body>
  <div class='ocr_page' id='page_1' title='image "./recordsnorthern00convgoog_0208.png"; bbox 0 0 2918 5010; ppageno 0'>
   <div class='ocr_carea' id='block_1_1' title="bbox 405 387 905 455">
    <p class='ocr_par' dir='ltr' id='par_1_1' title="bbox 405 387 905 455">
     <span class='ocr_line' id='line_1_1' title="bbox 405 387 905 455; baseline 0.004 -3"><span class='ocrx_word' id='word_1_1' title='bbox 405 387 611 454; x_wconf 78' lang='lat' dir='ltr'>Nonrnsnn</span> <span class='ocrx_word' id='word_1_2' title='bbox 635 388 905 455; x_wconf 71' lang='lat' dir='ltr'>Couvocarros.</span> 
     </span>
    </p>
   </div>
   <div class='ocr_carea' id='block_1_2' title="bbox 561 581 730 647">
    <p class='ocr_par' dir='ltr' id='par_1_2' title="bbox 561 581 730 647">
     <span class='ocr_line' id='line_1_2' title="bbox 561 581 730 647; baseline 0.012 -2"><span class='ocrx_word' id='word_1_3' title='bbox 561 581 730 647; x_wconf 87' lang='lat' dir='ltr'>XXXIV.</span> 
     </span>
    </p>
   </div>
   <div class='ocr_carea' id='block_1_3' title="bbox 110 720 1205 923">
    <p class='ocr_par' dir='ltr' id='par_1_3' title="bbox 110 720 1205 923">
     <span class='ocr_line' id='line_1_3' title="bbox 110 720 1205 801; baseline 0.004 -7"><span class='ocrx_word' id='word_1_4' title='bbox 110 720 199 799; x_wconf 83' lang='lat' dir='ltr'>Wnrr</span> <span class='ocrx_word' id='word_1_5' title='bbox 228 752 274 799; x_wconf 81' lang='lat' dir='ltr'>or</span> <span class='ocrx_word' id='word_1_6' title='bbox 308 735 473 800; x_wconf 73' lang='lat' dir='ltr'>Eowano</span> <span class='ocrx_word' id='word_1_7' title='bbox 509 736 562 800; x_wconf 96' lang='lat' dir='ltr'>lll</span> <span class='ocrx_word' id='word_1_8' title='bbox 596 753 641 801; x_wconf 87' lang='lat' dir='ltr'>ro</span> <span class='ocrx_word' id='word_1_9' title='bbox 676 753 773 801; x_wconf 77' lang='lat' dir='ltr'>noro</span> <span class='ocrx_word' id='word_1_10' title='bbox 807 755 828 801; x_wconf 72' lang='lat' dir='ltr'>a</span> <span class='ocrx_word' id='word_1_11' title='bbox 868 737 1126 801; x_wconf 69' lang='lat' dir='ltr'>(osvocarros&#39;</span> <span class='ocrx_word' id='word_1_12' title='bbox 1161 751 1205 798; x_wconf 78' lang='lat' dir='ltr'>ar</span> 
     </span>
     <span class='ocr_line' id='line_1_4' title="bbox 183 839 954 923; baseline 0.004 -21"><span class='ocrx_word' id='word_1_13' title='bbox 183 839 430 914; x_wconf 73' lang='lat' dir='ltr'>Ponrnrnacr,</span> <span class='ocrx_word' id='word_1_14' title='bbox 455 857 546 920; x_wconf 84' lang='lat' dir='ltr'>3oru</span> <span class='ocrx_word' id='word_1_15' title='bbox 571 840 799 913; x_wconf 76' lang='lat' dir='ltr'>Seereamen,</span> <span class='ocrx_word' id='word_1_16' title='bbox 827 859 920 923; x_wconf 79' lang='lat'>134²·</span> <span class='ocrx_word' id='word_1_17' title='bbox 951 860 954 865; x_wconf 93' lang='lat'>·</span> 
     </span>
    </p>
   </div>
   <div class='ocr_carea' id='block_1_4' title="bbox 177 979 1201 1155">
    <p class='ocr_par' dir='ltr' id='par_1_4' title="bbox 177 979 1201 1155">
     <span class='ocr_line' id='line_1_5' title="bbox 177 979 1201 1058; baseline -0.001 -18"><span class='ocrx_word' id='word_1_18' title='bbox 177 979 266 1057; x_wconf 76' lang='lat' dir='ltr'>[Reg.</span> <span class='ocrx_word' id='word_1_19' title='bbox 295 979 403 1039; x_wconf 84' lang='lat' dir='ltr'>Zouclr</span> <span class='ocrx_word' id='word_1_20' title='bbox 439 980 585 1058; x_wconf 88' lang='lat' dir='ltr'>Archiep.</span> <span class='ocrx_word' id='word_1_21' title='bbox 618 981 725 1047; x_wconf 88' lang='lat' dir='ltr'>Ebor.,</span> <span class='ocrx_word' id='word_1_22' title='bbox 760 982 781 1041; x_wconf 86' lang='lat' dir='ltr'>l.</span> <span class='ocrx_word' id='word_1_23' title='bbox 817 982 885 1053; x_wconf 89' lang='lat'>281,</span> <span class='ocrx_word' id='word_1_24' title='bbox 923 981 986 1041; x_wconf 88' lang='lat' dir='ltr'>and</span> <span class='ocrx_word' id='word_1_25' title='bbox 1022 980 1088 1040; x_wconf 79' lang='lat' dir='ltr'>also</span> <span class='ocrx_word' id='word_1_26' title='bbox 1125 980 1201 1040; x_wconf 85' lang='lat' dir='ltr'>Rot.</span> 
     </span>
     <span class='ocr_line' id='line_1_6' title="bbox 253 1075 976 1155; baseline 0.003 -20"><span class='ocrx_word' id='word_1_27' title='bbox 253 1075 359 1136; x_wconf 79' lang='lat' dir='ltr'>Claus</span> <span class='ocrx_word' id='word_1_28' title='bbox 381 1076 419 1135; x_wconf 86' lang='lat'>16</span> <span class='ocrx_word' id='word_1_29' title='bbox 438 1075 527 1136; x_wconf 86' lang='lat' dir='ltr'>Edw.</span> <span class='ocrx_word' id='word_1_30' title='bbox 550 1076 610 1141; x_wconf 85' lang='lat'><em>111.</em></span> <span class='ocrx_word' id='word_1_31' title='bbox 631 1096 661 1155; x_wconf 89' lang='lat' dir='ltr'>p.</span> <span class='ocrx_word' id='word_1_32' title='bbox 683 1077 713 1147; x_wconf 87' lang='lat' dir='ltr'>ii,</span> <span class='ocrx_word' id='word_1_33' title='bbox 734 1097 776 1137; x_wconf 93' lang='lat' dir='ltr'>m.</span> <span class='ocrx_word' id='word_1_34' title='bbox 799 1094 846 1154; x_wconf 88' lang='lat'>14,</span> <span class='ocrx_word' id='word_1_35' title='bbox 865 1078 976 1152; x_wconf 74' lang='lat' dir='ltr'>dorsol.</span> 
     </span>
    </p>
   </div>
   <div class='ocr_carea' id='block_1_5' title="bbox 99 1212 1209 4534">
    <p class='ocr_par' dir='ltr' id='par_1_5' title="bbox 99 1212 1209 4534">
     <span class='ocr_line' id='line_1_7' title="bbox 182 1212 1201 1299; baseline -0.001 -22"><span class='ocrx_word' id='word_1_36' title='bbox 182 1212 254 1278; x_wconf 84' lang='lat' dir='ltr'>Rex</span> <span class='ocrx_word' id='word_1_37' title='bbox 286 1213 472 1277; x_wconf 83' lang='lat' dir='ltr'>venerabili</span> <span class='ocrx_word' id='word_1_38' title='bbox 504 1213 538 1278; x_wconf 91' lang='lat' dir='ltr'>in</span> <span class='ocrx_word' id='word_1_39' title='bbox 569 1213 704 1278; x_wconf 88' lang='lat' dir='ltr'>Christo</span> <span class='ocrx_word' id='word_1_40' title='bbox 735 1214 825 1299; x_wconf 86' lang='lat' dir='ltr'>patri</span> <span class='ocrx_word' id='word_1_41' title='bbox 856 1214 908 1279; x_wconf 93' lang='lat' dir='ltr'>W.</span> <span class='ocrx_word' id='word_1_42' title='bbox 940 1214 1061 1278; x_wconf 88' lang='lat' dir='ltr'>eadem</span> <span class='ocrx_word' id='word_1_43' title='bbox 1090 1214 1201 1298; x_wconf 88' lang='lat' dir='ltr'>gratia</span> 
     </span>
     <span class='ocr_line' id='line_1_8' title="bbox 107 1316 1203 1403; baseline 0.002 -24"><span class='ocrx_word' id='word_1_44' title='bbox 107 1316 347 1403; x_wconf 83' lang='lat' dir='ltr'>archiepiscopo</span> <span class='ocrx_word' id='word_1_45' title='bbox 372 1317 474 1382; x_wconf 91' lang='lat' dir='ltr'>Ebor.</span> <span class='ocrx_word' id='word_1_46' title='bbox 498 1318 641 1403; x_wconf 84' lang='lat' dir='ltr'>Angliae</span> <span class='ocrx_word' id='word_1_47' title='bbox 663 1318 813 1402; x_wconf 90' lang='lat' dir='ltr'>primati,</span> <span class='ocrx_word' id='word_1_48' title='bbox 836 1319 993 1383; x_wconf 88' lang='lat' dir='ltr'>salutem.</span> <span class='ocrx_word' id='word_1_49' title='bbox 1042 1318 1203 1383; x_wconf 87' lang='lat' dir='ltr'>Volentes</span> 
     </span>
     <span class='ocr_line' id='line_1_9' title="bbox 106 1420 1202 1507; baseline 0.002 -23"><span class='ocrx_word' id='word_1_50' title='bbox 106 1420 223 1503; x_wconf 87' lang='lat' dir='ltr'>pridem</span> <span class='ocrx_word' id='word_1_51' title='bbox 240 1422 511 1487; x_wconf 83' lang='lat' dir='ltr'>condescendere</span> <span class='ocrx_word' id='word_1_52' title='bbox 528 1424 685 1506; x_wconf 88' lang='lat' dir='ltr'>precibus</span> <span class='ocrx_word' id='word_1_53' title='bbox 701 1431 735 1487; x_wconf 89' lang='lat' dir='ltr'>et</span> <span class='ocrx_word' id='word_1_54' title='bbox 753 1424 1029 1507; x_wconf 82' lang='lat' dir='ltr'>persuasionibus</span> <span class='ocrx_word' id='word_1_55' title='bbox 1045 1443 1086 1487; x_wconf 86' lang='lat' dir='ltr'>ex</span> <span class='ocrx_word' id='word_1_56' title='bbox 1104 1428 1202 1506; x_wconf 86' lang='lat' dir='ltr'>parte</span> 
     </span>
     <span class='ocr_line' id='line_1_10' title="bbox 104 1526 1202 1611; baseline 0 -22"><span class='ocrx_word' id='word_1_57' title='bbox 104 1526 296 1591; x_wconf 83' lang='lat' dir='ltr'>sanctissimi</span> <span class='ocrx_word' id='word_1_58' title='bbox 335 1526 443 1610; x_wconf 87' lang='lat' dir='ltr'>patris</span> <span class='ocrx_word' id='word_1_59' title='bbox 480 1527 610 1591; x_wconf 90' lang='lat' dir='ltr'>domini</span> <span class='ocrx_word' id='word_1_60' title='bbox 648 1527 832 1591; x_wconf 83' lang='lat' dir='ltr'>Clementis</span> <span class='ocrx_word' id='word_1_61' title='bbox 869 1548 979 1611; x_wconf 87' lang='lat' dir='ltr'>papae</span> <span class='ocrx_word' id='word_1_62' title='bbox 1016 1527 1103 1591; x_wconf 88' lang='lat' dir='ltr'>sexti</span> <span class='ocrx_word' id='word_1_63' title='bbox 1142 1546 1202 1610; x_wconf 91' lang='lat' dir='ltr'>per</span> 
     </span>
     <span class='ocr_line' id='line_1_11' title="bbox 102 1628 1200 1716; baseline 0.003 -24"><span class='ocrx_word' id='word_1_64' title='bbox 102 1628 206 1695; x_wconf 86' lang='lat' dir='ltr'>literas</span> <span class='ocrx_word' id='word_1_65' title='bbox 229 1637 263 1695; x_wconf 91' lang='lat' dir='ltr'>et</span> <span class='ocrx_word' id='word_1_66' title='bbox 288 1631 432 1695; x_wconf 89' lang='lat' dir='ltr'>nuncios</span> <span class='ocrx_word' id='word_1_67' title='bbox 455 1631 554 1694; x_wconf 92' lang='lat' dir='ltr'>nobis</span> <span class='ocrx_word' id='word_1_68' title='bbox 579 1631 688 1705; x_wconf 83' lang='lat' dir='ltr'>lactis,</span> <span class='ocrx_word' id='word_1_69' title='bbox 714 1631 756 1695; x_wconf 93' lang='lat' dir='ltr'>de</span> <span class='ocrx_word' id='word_1_70' title='bbox 781 1652 864 1715; x_wconf 85' lang='lat' dir='ltr'>paco</span> <span class='ocrx_word' id='word_1_71' title='bbox 887 1652 947 1695; x_wconf 89' lang='lat' dir='ltr'>seu</span> <span class='ocrx_word' id='word_1_72' title='bbox 972 1632 1098 1716; x_wconf 78' lang='lat' dir='ltr'>treugis</span> <span class='ocrx_word' id='word_1_73' title='bbox 1121 1651 1200 1695; x_wconf 91' lang='lat' dir='ltr'>cum</span> 
     </span>
     <span class='ocr_line' id='line_1_12' title="bbox 100 1734 1201 1820; baseline -0.002 -21"><span class='ocrx_word' id='word_1_74' title='bbox 100 1734 287 1801; x_wconf 86' lang='lat' dir='ltr'>adversario</span> <span class='ocrx_word' id='word_1_75' title='bbox 299 1741 418 1799; x_wconf 92' lang='lat' dir='ltr'>nostro</span> <span class='ocrx_word' id='word_1_76' title='bbox 431 1734 595 1799; x_wconf 81' lang='lat' dir='ltr'>Franciae</span> <span class='ocrx_word' id='word_1_77' title='bbox 610 1736 776 1809; x_wconf 72' lang='lat' dir='ltr'>ineundis</span> <span class='ocrx_word' id='word_1_78' title='bbox 790 1743 929 1820; x_wconf 86' lang='lat' dir='ltr'>paratos</span> <span class='ocrx_word' id='word_1_79' title='bbox 940 1757 1001 1801; x_wconf 84' lang='lat' dir='ltr'>nos</span> <span class='ocrx_word' id='word_1_80' title='bbox 1012 1736 1201 1800; x_wconf 89' lang='lat' dir='ltr'>obtulimus</span> 
     </span>
     <span class='ocr_line' id='line_1_13' title="bbox 99 1840 1199 1924; baseline 0 -21"><span class='ocrx_word' id='word_1_81' title='bbox 99 1840 135 1905; x_wconf 86' lang='lat' dir='ltr'>ad</span> <span class='ocrx_word' id='word_1_82' title='bbox 156 1840 378 1905; x_wconf 92' lang='lat' dir='ltr'>tractandum</span> <span class='ocrx_word' id='word_1_83' title='bbox 399 1860 478 1904; x_wconf 92' lang='lat' dir='ltr'>cum</span> <span class='ocrx_word' id='word_1_84' title='bbox 499 1840 709 1924; x_wconf 85' lang='lat' dir='ltr'>deputandis</span> <span class='ocrx_word' id='word_1_85' title='bbox 731 1861 790 1924; x_wconf 88' lang='lat' dir='ltr'>per</span> <span class='ocrx_word' id='word_1_86' title='bbox 810 1841 942 1905; x_wconf 92' lang='lat' dir='ltr'>dictum</span> <span class='ocrx_word' id='word_1_87' title='bbox 964 1840 1199 1905; x_wconf 87' lang='lat' dir='ltr'>adversarium</span> 
     </span>
     <span class='ocr_line' id='line_1_14' title="bbox 100 1943 1200 2031; baseline 0.001 -24"><span class='ocrx_word' id='word_1_88' title='bbox 100 1944 134 2009; x_wconf 94' lang='lat' dir='ltr'>de</span> <span class='ocrx_word' id='word_1_89' title='bbox 157 1943 363 2031; x_wconf 87' lang='lat' dir='ltr'>praemissis,</span> <span class='ocrx_word' id='word_1_90' title='bbox 389 1951 424 2008; x_wconf 94' lang='lat' dir='ltr'>et</span> <span class='ocrx_word' id='word_1_91' title='bbox 450 1952 591 2028; x_wconf 90' lang='lat' dir='ltr'>propter</span> <span class='ocrx_word' id='word_1_92' title='bbox 615 1945 679 2009; x_wconf 90' lang='lat' dir='ltr'>hoc</span> <span class='ocrx_word' id='word_1_93' title='bbox 704 1945 851 2030; x_wconf 84' lang='lat' dir='ltr'>alligatis</span> <span class='ocrx_word' id='word_1_94' title='bbox 876 1945 1002 2010; x_wconf 88' lang='lat' dir='ltr'>nostris</span> <span class='ocrx_word' id='word_1_95' title='bbox 1026 1945 1141 2008; x_wconf 86' lang='lat' dir='ltr'>literas</span> <span class='ocrx_word' id='word_1_96' title='bbox 1166 1951 1200 2008; x_wconf 91' lang='lat' dir='ltr'>et</span> 
     </span>
     <span class='ocr_line' id='line_1_15' title="bbox 100 2048 1201 2132; baseline 0 -21"><span class='ocrx_word' id='word_1_97' title='bbox 100 2050 233 2114; x_wconf 91' lang='lat' dir='ltr'>nuncios</span> <span class='ocrx_word' id='word_1_98' title='bbox 264 2048 517 2113; x_wconf 87' lang='lat' dir='ltr'>transmisimus</span> <span class='ocrx_word' id='word_1_99' title='bbox 547 2048 720 2132; x_wconf 85' lang='lat' dir='ltr'>speciales,</span> <span class='ocrx_word' id='word_1_100' title='bbox 752 2049 810 2113; x_wconf 89' lang='lat' dir='ltr'>sed</span> <span class='ocrx_word' id='word_1_101' title='bbox 842 2049 955 2114; x_wconf 90' lang='lat' dir='ltr'>dictus</span> <span class='ocrx_word' id='word_1_102' title='bbox 986 2049 1201 2113; x_wconf 86' lang='lat' dir='ltr'>adversarius</span> 
     </span>
     <span class='ocr_line' id='line_1_16' title="bbox 101 2153 1202 2238; baseline -0.002 -20"><span class='ocrx_word' id='word_1_103' title='bbox 101 2162 216 2227; x_wconf 89' lang='lat' dir='ltr'>noster,</span> <span class='ocrx_word' id='word_1_104' title='bbox 249 2154 309 2237; x_wconf 91' lang='lat' dir='ltr'>qui</span> <span class='ocrx_word' id='word_1_105' title='bbox 341 2153 480 2217; x_wconf 88' lang='lat' dir='ltr'>violatis</span> <span class='ocrx_word' id='word_1_106' title='bbox 512 2153 639 2238; x_wconf 86' lang='lat' dir='ltr'>treugis</span> <span class='ocrx_word' id='word_1_107' title='bbox 671 2153 764 2236; x_wconf 91' lang='lat' dir='ltr'>prins</span> <span class='ocrx_word' id='word_1_108' title='bbox 796 2153 889 2217; x_wconf 83' lang='lat' dir='ltr'>initis</span> <span class='ocrx_word' id='word_1_109' title='bbox 920 2153 1036 2217; x_wconf 88' lang='lat' dir='ltr'>fideles</span> <span class='ocrx_word' id='word_1_110' title='bbox 1068 2162 1202 2218; x_wconf 88' lang='lat' dir='ltr'>nostros</span> 
     </span>
     <span class='ocr_line' id='line_1_17' title="bbox 101 2255 1201 2342; baseline 0 -22"><span class='ocrx_word' id='word_1_111' title='bbox 101 2255 300 2342; x_wconf 85' lang='lat' dir='ltr'>depraedare</span> <span class='ocrx_word' id='word_1_112' title='bbox 329 2258 454 2322; x_wconf 87' lang='lat' dir='ltr'>lecerat</span> <span class='ocrx_word' id='word_1_113' title='bbox 482 2265 515 2321; x_wconf 90' lang='lat' dir='ltr'>et</span> <span class='ocrx_word' id='word_1_114' title='bbox 541 2257 740 2332; x_wconf 89' lang='lat' dir='ltr'>interlicere,</span> <span class='ocrx_word' id='word_1_115' title='bbox 765 2264 954 2322; x_wconf 91' lang='lat' dir='ltr'>tractatum</span> <span class='ocrx_word' id='word_1_116' title='bbox 982 2258 1076 2341; x_wconf 88' lang='lat' dir='ltr'>pacis</span> <span class='ocrx_word' id='word_1_117' title='bbox 1101 2257 1201 2321; x_wconf 90' lang='lat' dir='ltr'>decli·</span> 
     </span>
     <span class='ocr_line' id='line_1_18' title="bbox 102 2362 1201 2446; baseline 0 -21"><span class='ocrx_word' id='word_1_118' title='bbox 102 2362 199 2437; x_wconf 86' lang='lat' dir='ltr'>navit,</span> <span class='ocrx_word' id='word_1_119' title='bbox 217 2362 252 2426; x_wconf 93' lang='lat' dir='ltr'>in</span> <span class='ocrx_word' id='word_1_120' title='bbox 270 2362 377 2427; x_wconf 89' lang='lat' dir='ltr'>nostri</span> <span class='ocrx_word' id='word_1_121' title='bbox 394 2369 429 2426; x_wconf 88' lang='lat' dir='ltr'>et</span> <span class='ocrx_word' id='word_1_122' title='bbox 445 2368 641 2426; x_wconf 90' lang='lat' dir='ltr'>nostrorum</span> <span class='ocrx_word' id='word_1_123' title='bbox 658 2362 915 2426; x_wconf 88' lang='lat' dir='ltr'>subversionem</span> <span class='ocrx_word' id='word_1_124' title='bbox 932 2363 1116 2446; x_wconf 88' lang='lat' dir='ltr'>conjurans</span> <span class='ocrx_word' id='word_1_125' title='bbox 1139 2382 1201 2445; x_wconf 92' lang='lat' dir='ltr'>pro</span> 
     </span>
     <span class='ocr_line' id='line_1_19' title="bbox 102 2465 1201 2551; baseline 0.002 -23"><span class='ocrx_word' id='word_1_126' title='bbox 102 2465 222 2531; x_wconf 91' lang='lat' dir='ltr'>viribus</span> <span class='ocrx_word' id='word_1_127' title='bbox 252 2473 287 2530; x_wconf 89' lang='lat' dir='ltr'>et</span> <span class='ocrx_word' id='word_1_128' title='bbox 319 2466 541 2550; x_wconf 90' lang='lat' dir='ltr'>conspirans;</span> <span class='ocrx_word' id='word_1_129' title='bbox 567 2473 708 2551; x_wconf 91' lang='lat' dir='ltr'>propter</span> <span class='ocrx_word' id='word_1_130' title='bbox 738 2467 831 2551; x_wconf 89' lang='lat' dir='ltr'>quod</span> <span class='ocrx_word' id='word_1_131' title='bbox 863 2466 1097 2531; x_wconf 87' lang='lat' dir='ltr'>desiderantes</span> <span class='ocrx_word' id='word_1_132' title='bbox 1129 2474 1201 2530; x_wconf 89' lang='lat' dir='ltr'>tam</span> 
     </span>
     <span class='ocr_line' id='line_1_20' title="bbox 102 2568 1201 2656; baseline 0.001 -23"><span class='ocrx_word' id='word_1_133' title='bbox 102 2568 335 2635; x_wconf 88' lang='lat' dir='ltr'>discriminosis</span> <span class='ocrx_word' id='word_1_134' title='bbox 356 2570 513 2654; x_wconf 88' lang='lat' dir='ltr'>periculis</span> <span class='ocrx_word' id='word_1_135' title='bbox 539 2571 638 2634; x_wconf 90' lang='lat' dir='ltr'>nobis</span> <span class='ocrx_word' id='word_1_136' title='bbox 664 2591 703 2635; x_wconf 84' lang='lat' dir='ltr'>ac</span> <span class='ocrx_word' id='word_1_137' title='bbox 731 2591 833 2654; x_wconf 85' lang='lat' dir='ltr'>regno</span> <span class='ocrx_word' id='word_1_138' title='bbox 859 2578 977 2635; x_wconf 91' lang='lat' dir='ltr'>nostro</span> <span class='ocrx_word' id='word_1_139' title='bbox 1003 2571 1145 2656; x_wconf 87' lang='lat' dir='ltr'>Angliae</span> <span class='ocrx_word' id='word_1_140' title='bbox 1166 2578 1201 2635; x_wconf 89' lang='lat' dir='ltr'>et</span> 
     </span>
     <span class='ocr_line' id='line_1_21' title="bbox 103 2674 1201 2760; baseline 0 -21"><span class='ocrx_word' id='word_1_141' title='bbox 103 2674 251 2739; x_wconf 84' lang='lat' dir='ltr'>ecclesiae</span> <span class='ocrx_word' id='word_1_142' title='bbox 267 2674 486 2757; x_wconf 84' lang='lat' dir='ltr'>Anglicanae,</span> <span class='ocrx_word' id='word_1_143' title='bbox 504 2674 569 2738; x_wconf 90' lang='lat' dir='ltr'>nisi</span> <span class='ocrx_word' id='word_1_144' title='bbox 587 2674 680 2739; x_wconf 90' lang='lat' dir='ltr'>Deus</span> <span class='ocrx_word' id='word_1_145' title='bbox 702 2682 850 2750; x_wconf 87' lang='lat' dir='ltr'>avertat,</span> <span class='ocrx_word' id='word_1_146' title='bbox 869 2676 1019 2749; x_wconf 87' lang='lat' dir='ltr'>obviare,</span> <span class='ocrx_word' id='word_1_147' title='bbox 1037 2695 1201 2760; x_wconf 87' lang='lat' dir='ltr'>magnum</span> 
     </span>
     <span class='ocr_line' id='line_1_22' title="bbox 104 2778 1202 2862; baseline 0.002 -22"><span class='ocrx_word' id='word_1_148' title='bbox 104 2780 281 2843; x_wconf 81' lang='lat' dir='ltr'>exercitum</span> <span class='ocrx_word' id='word_1_149' title='bbox 303 2785 515 2843; x_wconf 88' lang='lat' dir='ltr'>armatorum</span> <span class='ocrx_word' id='word_1_150' title='bbox 538 2779 583 2842; x_wconf 83' lang='lat' dir='ltr'>ad</span> <span class='ocrx_word' id='word_1_151' title='bbox 607 2780 860 2862; x_wconf 88' lang='lat' dir='ltr'>reprimendum</span> <span class='ocrx_word' id='word_1_152' title='bbox 884 2780 990 2862; x_wconf 89' lang='lat' dir='ltr'>ipsius</span> <span class='ocrx_word' id='word_1_153' title='bbox 1016 2778 1202 2843; x_wconf 88' lang='lat' dir='ltr'>adversarii</span> 
     </span>
     <span class='ocr_line' id='line_1_23' title="bbox 104 2882 1204 2968; baseline 0.001 -22"><span class='ocrx_word' id='word_1_154' title='bbox 104 2884 199 2948; x_wconf 90' lang='lat' dir='ltr'>nostri</span> <span class='ocrx_word' id='word_1_155' title='bbox 217 2882 399 2957; x_wconf 86' lang='lat' dir='ltr'>malitiam,</span> <span class='ocrx_word' id='word_1_156' title='bbox 417 2891 451 2946; x_wconf 88' lang='lat' dir='ltr'>et</span> <span class='ocrx_word' id='word_1_157' title='bbox 469 2903 530 2967; x_wconf 93' lang='lat' dir='ltr'>pro</span> <span class='ocrx_word' id='word_1_158' title='bbox 547 2884 743 2947; x_wconf 75' lang='lat' dir='ltr'>defensione</span> <span class='ocrx_word' id='word_1_159' title='bbox 759 2884 867 2947; x_wconf 89' lang='lat' dir='ltr'>nostri</span> <span class='ocrx_word' id='word_1_160' title='bbox 884 2884 976 2968; x_wconf 89' lang='lat' dir='ltr'>regni</span> <span class='ocrx_word' id='word_1_161' title='bbox 994 2891 1027 2948; x_wconf 92' lang='lat' dir='ltr'>et</span> <span class='ocrx_word' id='word_1_162' title='bbox 1044 2883 1204 2947; x_wconf 86' lang='lat' dir='ltr'>ecclesiae</span> 
     </span>
     <span class='ocr_line' id='line_1_24' title="bbox 105 2987 1204 3072; baseline -0.001 -20"><span class='ocrx_word' id='word_1_163' title='bbox 105 2988 348 3070; x_wconf 86' lang='lat' dir='ltr'>praedictorum</span> <span class='ocrx_word' id='word_1_164' title='bbox 385 2988 574 3051; x_wconf 87' lang='lat' dir='ltr'>necessaria</span> <span class='ocrx_word' id='word_1_165' title='bbox 611 2987 681 3070; x_wconf 89' lang='lat' dir='ltr'>jam</span> <span class='ocrx_word' id='word_1_166' title='bbox 719 2989 763 3052; x_wconf 87' lang='lat' dir='ltr'>ad</span> <span class='ocrx_word' id='word_1_167' title='bbox 800 2994 916 3072; x_wconf 89' lang='lat' dir='ltr'>partes</span> <span class='ocrx_word' id='word_1_168' title='bbox 953 2988 1204 3052; x_wconf 81' lang='lat' dir='ltr'>transmisimus</span> 
     </span>
     <span class='ocr_line' id='line_1_25' title="bbox 106 3092 1204 3176; baseline 0.004 -23"><span class='ocrx_word' id='word_1_169' title='bbox 106 3092 365 3166; x_wconf 75' lang='lat' dir='ltr'>transmarinas,</span> <span class='ocrx_word' id='word_1_170' title='bbox 391 3112 452 3155; x_wconf 89' lang='lat' dir='ltr'>nos</span> <span class='ocrx_word' id='word_1_171' title='bbox 495 3092 601 3155; x_wconf 88' lang='lat' dir='ltr'>etiam</span> <span class='ocrx_word' id='word_1_172' title='bbox 645 3092 840 3176; x_wconf 87' lang='lat' dir='ltr'>passagium</span> <span class='ocrx_word' id='word_1_173' title='bbox 884 3100 1041 3156; x_wconf 90' lang='lat' dir='ltr'>nostrum</span> <span class='ocrx_word' id='word_1_174' title='bbox 1085 3111 1204 3157; x_wconf 84' lang='lat' dir='ltr'>versus</span> 
     </span>
     <span class='ocr_line' id='line_1_26' title="bbox 105 3194 1202 3279; baseline -0.002 -18"><span class='ocrx_word' id='word_1_175' title='bbox 105 3203 210 3277; x_wconf 86' lang='lat' dir='ltr'>partes</span> <span class='ocrx_word' id='word_1_176' title='bbox 248 3194 324 3260; x_wconf 88' lang='lat' dir='ltr'>illas</span> <span class='ocrx_word' id='word_1_177' title='bbox 363 3204 502 3279; x_wconf 90' lang='lat' dir='ltr'>propter</span> <span class='ocrx_word' id='word_1_178' title='bbox 540 3196 604 3259; x_wconf 89' lang='lat' dir='ltr'>hoc</span> <span class='ocrx_word' id='word_1_179' title='bbox 641 3195 886 3269; x_wconf 71' lang='lat' dir='ltr'>ordinavimus</span> <span class='ocrx_word' id='word_1_180' title='bbox 926 3196 1014 3260; x_wconf 92' lang='lat' dir='ltr'>sicut</span> <span class='ocrx_word' id='word_1_181' title='bbox 1053 3202 1202 3279; x_wconf 88' lang='lat' dir='ltr'>oportet,</span> 
     </span>
     <span class='ocr_line' id='line_1_27' title="bbox 105 3300 1204 3384; baseline 0.003 -23"><span class='ocrx_word' id='word_1_182' title='bbox 105 3300 249 3365; x_wconf 86' lang='lat' dir='ltr'>validum</span> <span class='ocrx_word' id='word_1_183' title='bbox 277 3307 312 3363; x_wconf 89' lang='lat' dir='ltr'>et</span> <span class='ocrx_word' id='word_1_184' title='bbox 340 3300 526 3374; x_wconf 82' lang='lat' dir='ltr'>testinum;</span> <span class='ocrx_word' id='word_1_185' title='bbox 552 3307 586 3363; x_wconf 89' lang='lat' dir='ltr'>et</span> <span class='ocrx_word' id='word_1_186' title='bbox 609 3300 691 3384; x_wconf 88' lang='lat' dir='ltr'>quia</span> <span class='ocrx_word' id='word_1_187' title='bbox 714 3320 816 3383; x_wconf 93' lang='lat' dir='ltr'>super</span> <span class='ocrx_word' id='word_1_188' title='bbox 841 3300 948 3363; x_wconf 86' lang='lat' dir='ltr'>biset</span> <span class='ocrx_word' id='word_1_189' title='bbox 972 3300 1056 3374; x_wconf 90' lang='lat' dir='ltr'>aliis,</span> <span class='ocrx_word' id='word_1_190' title='bbox 1081 3320 1143 3364; x_wconf 84' lang='lat' dir='ltr'>nos</span> <span class='ocrx_word' id='word_1_191' title='bbox 1165 3320 1204 3364; x_wconf 94' lang='lat' dir='ltr'>ac</span> 
     </span>
     <span class='ocr_line' id='line_1_28' title="bbox 106 3403 1205 3489; baseline 0.004 -24"><span class='ocrx_word' id='word_1_192' title='bbox 106 3412 240 3479; x_wconf 89' lang='lat' dir='ltr'>statum,</span> <span class='ocrx_word' id='word_1_193' title='bbox 263 3411 299 3468; x_wconf 91' lang='lat' dir='ltr'>et</span> <span class='ocrx_word' id='word_1_194' title='bbox 327 3403 475 3489; x_wconf 89' lang='lat' dir='ltr'>regimen</span> <span class='ocrx_word' id='word_1_195' title='bbox 503 3404 587 3468; x_wconf 91' lang='lat' dir='ltr'>dicti</span> <span class='ocrx_word' id='word_1_196' title='bbox 613 3404 706 3489; x_wconf 91' lang='lat' dir='ltr'>regni</span> <span class='ocrx_word' id='word_1_197' title='bbox 729 3404 960 3469; x_wconf 79' lang='lat' dir='ltr'>defensionem</span> <span class='ocrx_word' id='word_1_198' title='bbox 983 3410 1017 3467; x_wconf 92' lang='lat' dir='ltr'>et</span> <span class='ocrx_word' id='word_1_199' title='bbox 1042 3405 1205 3469; x_wconf 88' lang='lat' dir='ltr'>honorem</span> 
     </span>
     <span class='ocr_line' id='line_1_29' title="bbox 105 3506 1207 3592; baseline 0.001 -20"><span class='ocrx_word' id='word_1_200' title='bbox 105 3506 209 3575; x_wconf 86' lang='lat' dir='ltr'>dictae</span> <span class='ocrx_word' id='word_1_201' title='bbox 262 3508 421 3573; x_wconf 84' lang='lat' dir='ltr'>ecclesiae</span> <span class='ocrx_word' id='word_1_202' title='bbox 478 3516 512 3572; x_wconf 90' lang='lat' dir='ltr'>et</span> <span class='ocrx_word' id='word_1_203' title='bbox 567 3508 753 3573; x_wconf 87' lang='lat' dir='ltr'>utilitatem</span> <span class='ocrx_word' id='word_1_204' title='bbox 813 3508 1017 3592; x_wconf 90' lang='lat' dir='ltr'>reipublicae</span> <span class='ocrx_word' id='word_1_205' title='bbox 1073 3529 1207 3574; x_wconf 93' lang='lat' dir='ltr'>summe</span> 
     </span>
     <span class='ocr_line' id='line_1_30' title="bbox 106 3613 1207 3699; baseline 0.004 -24"><span class='ocrx_word' id='word_1_206' title='bbox 106 3613 332 3699; x_wconf 87' lang='lat' dir='ltr'>tangentibus,</span> <span class='ocrx_word' id='word_1_207' title='bbox 369 3620 409 3677; x_wconf 88' lang='lat' dir='ltr'>ut</span> <span class='ocrx_word' id='word_1_208' title='bbox 445 3613 686 3677; x_wconf 89' lang='lat' dir='ltr'>communibus</span> <span class='ocrx_word' id='word_1_209' title='bbox 722 3613 879 3697; x_wconf 89' lang='lat' dir='ltr'>periculis</span> <span class='ocrx_word' id='word_1_210' title='bbox 915 3633 975 3696; x_wconf 92' lang='lat' dir='ltr'>per</span> <span class='ocrx_word' id='word_1_211' title='bbox 1010 3614 1207 3679; x_wconf 91' lang='lat' dir='ltr'>communia</span> 
     </span>
     <span class='ocr_line' id='line_1_31' title="bbox 105 3716 1206 3791; baseline 0.003 -11"><span class='ocrx_word' id='word_1_212' title='bbox 105 3717 237 3783; x_wconf 88' lang='lat' dir='ltr'>consilia</span> <span class='ocrx_word' id='word_1_213' title='bbox 263 3717 434 3791; x_wconf 89' lang='lat' dir='ltr'>obvietur,</span> <span class='ocrx_word' id='word_1_214' title='bbox 462 3716 652 3791; x_wconf 91' lang='lat' dir='ltr'>consilium,</span> <span class='ocrx_word' id='word_1_215' title='bbox 681 3717 857 3791; x_wconf 82' lang='lat' dir='ltr'>auxilium,</span> <span class='ocrx_word' id='word_1_216' title='bbox 888 3725 923 3782; x_wconf 90' lang='lat' dir='ltr'>et</span> <span class='ocrx_word' id='word_1_217' title='bbox 952 3718 1206 3784; x_wconf 89' lang='lat' dir='ltr'>avisamentum</span> 
     </span>
     <span class='ocr_line' id='line_1_32' title="bbox 105 3821 1206 3906; baseline 0.003 -21"><span class='ocrx_word' id='word_1_218' title='bbox 105 3831 251 3888; x_wconf 88' lang='lat' dir='ltr'>vestrum</span> <span class='ocrx_word' id='word_1_219' title='bbox 282 3821 575 3906; x_wconf 76' lang='lat' dir='ltr'>suffraganeorum</span> <span class='ocrx_word' id='word_1_220' title='bbox 608 3828 800 3885; x_wconf 90' lang='lat' dir='ltr'>vestromm</span> <span class='ocrx_word' id='word_1_221' title='bbox 834 3842 873 3886; x_wconf 90' lang='lat' dir='ltr'>ac</span> <span class='ocrx_word' id='word_1_222' title='bbox 905 3822 984 3886; x_wconf 90' lang='lat' dir='ltr'>cleri</span> <span class='ocrx_word' id='word_1_223' title='bbox 1013 3829 1206 3888; x_wconf 86' lang='lat' dir='ltr'>vestrarum</span> 
     </span>
     <span class='ocr_line' id='line_1_33' title="bbox 104 3926 1204 4009; baseline 0.002 -19"><span class='ocrx_word' id='word_1_224' title='bbox 104 3926 260 3993; x_wconf 85' lang='lat' dir='ltr'>dioecesis</span> <span class='ocrx_word' id='word_1_225' title='bbox 301 3934 336 3990; x_wconf 91' lang='lat' dir='ltr'>et</span> <span class='ocrx_word' id='word_1_226' title='bbox 381 3926 576 4009; x_wconf 91' lang='lat' dir='ltr'>provinciae</span> <span class='ocrx_word' id='word_1_227' title='bbox 622 3927 747 3990; x_wconf 86' lang='lat' dir='ltr'>habere</span> <span class='ocrx_word' id='word_1_228' title='bbox 789 3926 948 3991; x_wconf 89' lang='lat' dir='ltr'>volumus</span> <span class='ocrx_word' id='word_1_229' title='bbox 990 3948 1007 3990; x_wconf 95' lang='lat' dir='ltr'>e</span> <span class='ocrx_word' id='word_1_230' title='bbox 1049 3927 1204 4001; x_wconf 90' lang='lat' dir='ltr'>vicinio;</span> 
     </span>
     <span class='ocr_line' id='line_1_34' title="bbox 103 4031 1207 4116; baseline 0 -21"><span class='ocrx_word' id='word_1_231' title='bbox 103 4032 290 4116; x_wconf 85' lang='lat' dir='ltr'>specialiter</span> <span class='ocrx_word' id='word_1_232' title='bbox 314 4050 377 4095; x_wconf 91' lang='lat' dir='ltr'>vos</span> <span class='ocrx_word' id='word_1_233' title='bbox 403 4051 572 4115; x_wconf 76' lang='lat' dir='ltr'>rogamus</span> <span class='ocrx_word' id='word_1_234' title='bbox 600 4038 634 4094; x_wconf 91' lang='lat' dir='ltr'>et</span> <span class='ocrx_word' id='word_1_235' title='bbox 661 4031 694 4094; x_wconf 94' lang='lat' dir='ltr'>in</span> <span class='ocrx_word' id='word_1_236' title='bbox 721 4031 788 4094; x_wconf 89' lang='lat' dir='ltr'>fide</span> <span class='ocrx_word' id='word_1_237' title='bbox 814 4037 847 4094; x_wconf 91' lang='lat' dir='ltr'>et</span> <span class='ocrx_word' id='word_1_238' title='bbox 874 4031 1056 4096; x_wconf 89' lang='lat' dir='ltr'>dilectione</span> <span class='ocrx_word' id='word_1_239' title='bbox 1081 4031 1207 4115; x_wconf 92' lang='lat' dir='ltr'>quibus</span> 
     </span>
     <span class='ocr_line' id='line_1_35' title="bbox 103 4134 1206 4220; baseline -0.002 -20"><span class='ocrx_word' id='word_1_240' title='bbox 103 4137 197 4201; x_wconf 85' lang='lat' dir='ltr'>nobis</span> <span class='ocrx_word' id='word_1_241' title='bbox 215 4134 391 4210; x_wconf 90' lang='lat' dir='ltr'>tenemini,</span> <span class='ocrx_word' id='word_1_242' title='bbox 412 4134 510 4198; x_wconf 92' lang='lat' dir='ltr'>vobis</span> <span class='ocrx_word' id='word_1_243' title='bbox 530 4135 741 4220; x_wconf 84' lang='lat' dir='ltr'>injungimus</span> <span class='ocrx_word' id='word_1_244' title='bbox 759 4142 794 4199; x_wconf 85' lang='lat' dir='ltr'>et</span> <span class='ocrx_word' id='word_1_245' title='bbox 813 4135 1029 4211; x_wconf 73' lang='lat' dir='ltr'>mandamus</span> <span class='ocrx_word' id='word_1_246' title='bbox 1049 4136 1142 4219; x_wconf 91' lang='lat' dir='ltr'>quod</span> <span class='ocrx_word' id='word_1_247' title='bbox 1162 4135 1206 4199; x_wconf 88' lang='lat' dir='ltr'>ad</span> 
     </span>
     <span class='ocr_line' id='line_1_36' title="bbox 101 4237 1206 4325; baseline -0.005 -20"><span class='ocrx_word' id='word_1_248' title='bbox 101 4240 188 4305; x_wconf 89' lang='lat' dir='ltr'>diem</span> <span class='ocrx_word' id='word_1_249' title='bbox 210 4240 328 4305; x_wconf 88' lang='lat' dir='ltr'>Lunae</span> <span class='ocrx_word' id='word_1_250' title='bbox 349 4239 545 4325; x_wconf 83' lang='lat' dir='ltr'>proximum</span> <span class='ocrx_word' id='word_1_251' title='bbox 566 4246 645 4322; x_wconf 89' lang='lat' dir='ltr'>post</span> <span class='ocrx_word' id='word_1_252' title='bbox 667 4239 794 4303; x_wconf 87' lang='lat' dir='ltr'>testum</span> <span class='ocrx_word' id='word_1_253' title='bbox 816 4239 848 4303; x_wconf 82' lang='lat' dir='ltr'>S.</span> <span class='ocrx_word' id='word_1_254' title='bbox 872 4239 1028 4303; x_wconf 78' lang='lat' dir='ltr'>Andreae</span> <span class='ocrx_word' id='word_1_255' title='bbox 1049 4237 1206 4323; x_wconf 90' lang='lat' dir='ltr'>Apostoli</span> 
     </span>
     <span class='ocr_line' id='line_1_37' title="bbox 102 4342 1207 4429; baseline -0.005 -20"><span class='ocrx_word' id='word_1_256' title='bbox 102 4344 253 4429; x_wconf 78' lang='lat' dir='ltr'>proxime</span> <span class='ocrx_word' id='word_1_257' title='bbox 277 4344 434 4409; x_wconf 78' lang='lat' dir='ltr'>futurum</span> <span class='ocrx_word' id='word_1_258' title='bbox 458 4344 570 4408; x_wconf 90' lang='lat' dir='ltr'>dictos</span> <span class='ocrx_word' id='word_1_259' title='bbox 593 4343 827 4428; x_wconf 81' lang='lat' dir='ltr'>suffraganeos</span> <span class='ocrx_word' id='word_1_260' title='bbox 851 4349 994 4417; x_wconf 88' lang='lat' dir='ltr'>vestros,</span> <span class='ocrx_word' id='word_1_261' title='bbox 1021 4349 1055 4406; x_wconf 94' lang='lat' dir='ltr'>et</span> <span class='ocrx_word' id='word_1_262' title='bbox 1080 4342 1207 4407; x_wconf 91' lang='lat' dir='ltr'>clerum</span> 
     </span>
     <span class='ocr_line' id='line_1_38' title="bbox 100 4445 1209 4534; baseline -0.007 -19"><span class='ocrx_word' id='word_1_263' title='bbox 100 4448 192 4534; x_wconf 85' lang='lat' dir='ltr'>apud</span> <span class='ocrx_word' id='word_1_264' title='bbox 220 4448 517 4514; x_wconf 86' lang='lat' dir='ltr'>Pontemlractum</span> <span class='ocrx_word' id='word_1_265' title='bbox 543 4448 725 4512; x_wconf 89' lang='lat' dir='ltr'>convocari</span> <span class='ocrx_word' id='word_1_266' title='bbox 755 4447 911 4521; x_wconf 74' lang='lat' dir='ltr'>lacuatis:</span> <span class='ocrx_word' id='word_1_267' title='bbox 949 4447 998 4510; x_wconf 93' lang='lat' dir='ltr'>ita</span> <span class='ocrx_word' id='word_1_268' title='bbox 1026 4445 1119 4529; x_wconf 90' lang='lat' dir='ltr'>quod</span> <span class='ocrx_word' id='word_1_269' title='bbox 1147 4463 1209 4508; x_wconf 87' lang='lat' dir='ltr'>vos</span> 
     </span>
    </p>
   </div>
   <div class='ocr_carea' id='block_1_6' title="bbox 272 4564 295 4627">
    <p class='ocr_par' dir='ltr' id='par_1_6' title="bbox 272 4564 295 4627">
     <span class='ocr_line' id='line_1_39' title="bbox 272 4564 295 4627; baseline 0 0"><span class='ocrx_word' id='word_1_270' title='bbox 272 4564 295 4627; x_wconf 88' lang='grc'>6</span> 
     </span>
    </p>
   </div>
   <div class='ocr_carea' id='block_1_7' title="bbox 0 0 1468 5010">
    <p class='ocr_par' dir='ltr' id='par_1_7' title="bbox 0 0 1468 5010">
     <span class='ocr_line' id='line_1_40' title="bbox 0 0 1468 5010; baseline 0 0"><span class='ocrx_word' id='word_1_271' title='bbox 0 0 1468 5010; x_wconf 95' lang='lat' dir='ltr'> </span> 
     </span>
    </p>
   </div>
  </div>
 </body>
</html>
