2918 5010
490 369 695 436 Nonrnenn
728 371 999 438 Convocanou.
1256 390 1298 454 79

183 562 280 626 nobis
304 562 352 627 sic
379 563 481 635 lacta,
508 570 591 628 tunc
615 565 809 629 constiterit
835 566 1023 640 evidenter,
1049 566 1091 630 de
1116 565 1239 629 vestris
1263 571 1296 628 et

182 666 249 730 suis
279 666 380 730 bonis
409 668 646 732 ecclesiasticis
676 675 759 732 tune
789 670 974 733 concedere
1006 670 1175 744 renuistis
1208 670 1297 734 unde

183 769 368 852 plurimum
407 772 641 847 mirabamur:
689 782 723 837 et
768 775 849 857 quia
897 774 1046 856 pericula
1092 795 1134 838 ex
1180 774 1295 838 hostili

183 874 448 960 alienigenarum
477 897 648 961 aggressu,
672 877 731 961 qui
760 877 891 942 dictum
919 899 1060 963 regnum
1083 885 1117 942 et
1140 885 1296 943 sanctam

183 977 334 1060 ejusdem
374 980 551 1044 ecclesiam
590 982 753 1045 invadere
792 988 826 1044 et
862 1002 923 1065 pro
958 982 1088 1047 viribus
1122 983 1295 1046 destruere

176 1083 381 1158 moliuntur,
411 1084 640 1168 multiplicare
670 1093 703 1148 et
733 1086 910 1149 abundare
939 1086 981 1150 de
1010 1087 1131 1151 diebus
1160 1087 1193 1151 in
1223 1087 1296 1150 dies

183 1186 439 1272 dignoscuntur,
475 1196 509 1252 et
543 1211 583 1253 ea
617 1190 659 1253 de
692 1211 795 1254 causa
830 1211 892 1273 pro
927 1190 1074 1255 tuitione
1107 1191 1293 1256 eorundem
1347 1181 1349 1185 ’

183 1300 316 1375 oportet
335 1302 495 1376 sumptus
514 1301 548 1356 et
567 1314 745 1377 expensas,
765 1294 853 1359 sicut
872 1296 969 1358 novit
989 1303 1104 1359 vestra
1122 1296 1293 1370 discretio,

183 1398 369 1460 necessario
407 1397 588 1482 adaugere,
628 1398 860 1472 advertentes,
899 1399 993 1482 quod
1032 1421 1154 1464 omnes·
1189 1401 1295 1485 ipsius

182 1502 270 1585 regni
320 1502 364 1565 ad
411 1502 640 1566 salvationem
687 1511 720 1566 et
769 1502 1002 1567 defensionem
1050 1504 1205 1588 ejusdem
1253 1527 1292 1570 ac

181 1604 387 1690 Anglicanae
408 1607 568 1671 ecclesiae
583 1607 813 1690 supradictae,
829 1607 1065 1692 cujuscunque
1087 1609 1293 1675 conditionis

182 1708 305 1774 luerint
345 1711 417 1774 sive
452 1718 577 1785 statua,
612 1712 851 1796 astringuntur
890 1713 998 1777 tantis
1030 1713 1157 1777 eisdem
1191 1734 1294 1798 regno

182 1812 439 1878 imminentibus
486 1815 642 1899 periculis
689 1817 894 1890 subvenire;
943 1817 1042 1881 vobis
1088 1819 1293 1884 mandamus

181 1917 399 2002 injungendo,
427 1920 520 2003 quod
545 1920 589 1983 ad
619 1926 750 1984 certum
781 1920 871 1983 diem
902 1921 1002 1985 citius
1033 1942 1103 2004 quo
1135 1923 1293 2005 poteritis

180 2041 236 2104 per
261 2044 324 2086 vos
352 2024 609 2108 praefigendum
636 2025 729 2107 apud
756 2025 932 2089 ecclesiam
959 2033 1112 2090 vestram
1139 2026 1170 2090 S.
1200 2026 1290 2090 Petri

180 2125 279 2191 Ebor.
302 2127 430 2191 clerum
452 2136 585 2192 vestrae
607 2129 814 2211 provinciae,
837 2129 995 2193 videlicet
1019 2136 1091 2194 tam
1115 2130 1291 2215 episcopos

180 2237 210 2294 et
244 2231 427 2316 religiosos
462 2238 641 2315 exemptos
673 2242 707 2296 et
741 2254 808 2296 non
843 2239 1033 2316 exemptos
1067 2254 1174 2318 quarn
1206 2235 1290 2299 alias

179 2354 339 2417 personas
389 2337 644 2411 ecclesiasticas,
695 2358 781 2420 quos
832 2337 987 2401 videritis
1037 2339 1288 2415 convocandos,

178 2441 358 2504 convocari
380 2440 524 2515 faciatis,
544 2449 576 2504 et
598 2441 822 2505 consideratis
844 2448 943 2505 tanta
964 2443 1124 2507 ecclesiae
1142 2451 1176 2508 et
1195 2445 1287 2529 regni

179 2544 362 2608 eomndem
391 2545 564 2609 arduitate
593 2546 808 2630 negotiorum
835 2553 869 2609 et
898 2548 1048 2611 onerosis
1079 2549 1286 2632 sumptibus.

178 2669 261 2732 quos
288 2669 328 2712 ea
355 2650 396 2712 de
423 2671 526 2714 causa
555 2670 724 2733 exponere
753 2658 981 2726 coarctamur,
1009 2673 1049 2716 ac
1078 2653 1183 2717 etiam
1209 2655 1288 2718 sub-

178 2754 337 2817 ventione
362 2774 422 2836 per
440 2753 567 2818 clerum
588 2755 700 2818 dictae
725 2754 970 2819 Cantuarensis
995 2757 1190 2839 provinciae
1215 2766 1288 2823 tam

176 2857 338 2922 benevole
375 2859 473 2921 nobis
509 2858 612 2930 facta,
649 2880 728 2922 cum
764 2859 891 2923 eisdem
929 2860 1092 2943 praelatis
1128 2868 1161 2924 et
1198 2863 1287 2927 clero

176 2961 372 3046 diligentius
400 2964 566 3037 tractetis,
596 2963 732 3027 eosdem
761 2963 982 3029 nihilominus
1010 2966 1120 3030 modis
1147 2974 1180 3030 et
1210 2968 1287 3043 viis

175 3068 299 3150 quibus
316 3067 484 3151 poteritis,
503 3068 694 3131 excitantes
712 3068 753 3131 de
771 3069 830 3132 tali
849 3069 1012 3143 subsidi0,
1032 3070 1130 3134 nobis
1148 3092 1208 3153 per
1225 3093 1287 3137 vos

175 3179 205 3235 et
226 3172 318 3255 ipsos
337 3171 378 3234 de
398 3172 521 3234 vestris
540 3179 573 3235 et
593 3173 663 3235 suis
683 3173 780 3236 bonis
799 3173 1035 3237 ecclesiasticis
1055 3175 1285 3252 concedend0,

174 3275 273 3358 quale
309 3276 407 3338 nobis
441 3275 586 3358 praelati
622 3284 656 3339 et
691 3277 799 3340 clerus
834 3277 1010 3360 praelatae
1043 3277 1286 3343 Cantuarensis

174 3380 369 3460 provinciae
404 3387 655 3452 concesserunt,
686 3388 723 3444 ut
760 3381 1005 3463 praemittitur,
1041 3382 1094 3445 vel
1126 3383 1284 3460 uberiori,

174 3491 274 3566 prout
303 3483 485 3547 imminens
515 3485 698 3548 necessitas
725 3486 788 3549 boc
815 3485 992 3568 exposcit;
1031 3486 1160 3561 scituri,
1191 3490 1285 3572 quod

173 3595 305 3671 quanto
333 3588 366 3650 in
396 3589 623 3652 subventione
653 3588 849 3671 hujusmodi
880 3589 1037 3653 iacienda
1069 3612 1131 3655 vos
1157 3599 1191 3656 et
1221 3593 1285 3677 ipsi

173 3692 391 3757 ostenderitis
424 3693 662 3775 promptiores,
700 3700 800 3756 tanto
836 3693 959 3757 exinde
995 3695 1093 3758 vobis
1129 3703 1163 3760 et
1203 3697 1284 3780 ipsis

172 3796 326 3860 venturis
347 3797 560 3879 temporibus
580 3797 721 3881 astringi
743 3797 902 3861 volumus
923 3798 956 3861 in
978 3800 1128 3883 agendis,
1176 3800 1284 3885 Quos-

172 3900 250 3964 dam
294 3908 411 3965 autem
454 3900 569 3963 fideles
611 3909 644 3964 et
687 3902 887 3965 secretarios
929 3910 1064 3967 nostros
1106 3904 1150 3969 ad
1192 3906 1283 3970 diem

173 4005 385 4088 praedictum
415 4006 551 4068 mittere
575 4005 820 4076 ordinavimus,
846 4006 890 4070 ad
916 4008 1158 4090 exponendum
1185 4011 1283 4074 vobis

172 4109 284 4193 aliqua
330 4109 515 4192 praemissa
560 4109 795 4193 contingentia
840 4117 874 4173 et
920 4111 1176 4176 informandum
1221 4134 1283 4177 vos

172 4212 303 4294 plenius
340 4212 382 4276 de
423 4213 561 4287 eisdem,
596 4220 629 4276 et
671 4213 715 4277 ad
754 4214 1001 4297 reportandum
1042 4217 1150 4290 nobis,
1188 4217 1281 4301 quod

174 4317 205 4380 in
245 4318 308 4381 bac
349 4325 445 4400 parte
486 4317 652 4382 duxeritis
692 4317 909 4394 laciendum;
957 4327 1098 4404 propter
1135 4342 1281 4406 quorum

173 4421 377 4495 absentiam,
393 4422 420 4482 si
439 4428 520 4486 tune
538 4442 605 4486 non
620 4421 787 4495 venerint,
802 4422 934 4488 dictum
947 4425 1123 4509 negotium
1141 4426 1283 4491 ulterius
