2918 5010
442 385 644 450 Nonrnrnn
678 387 947 451 CONVOCAHON.
1204 402 1245 466 25

133 578 295 644 Celestini
312 578 354 643 de
371 578 517 654 Verona,
531 579 762 661 procuratoris
774 579 858 644 dicti
871 579 1000 644 domini
1014 578 1243 643 archidiaconi

132 683 372 768 Rychemond,
394 683 476 767 ipsis
498 683 745 748 archidiaconis
768 684 801 748 in
826 684 983 768 partibus
1006 683 1243 749 transmarinis

129 789 379 863 existentibus;
404 809 444 851 ac
461 788 571 872 priore
589 787 791 853 Dunelmiae
806 809 865 871 per
878 789 999 852 tratres
1013 788 1241 873 Reginaldum

130 892 173 957 de
220 894 391 976 Bameby,
439 899 473 956 et
521 892 716 974 Johannem
763 893 913 965 Luterel‚
961 893 1073 957 dictae
1119 892 1242 956 domus

130 997 371 1062 Dunelmensis
382 998 572 1062 confratres
583 1003 616 1060 et
628 998 902 1071 commonachos
915 1003 1152 1081 procuratores
1161 1018 1242 1061 suos

130 1101 281 1186 legitime
296 1103 515 1175 constitutos,
533 1102 812 1184 comparentibus
828 1122 834 1176 ;
859 1107 893 1164 et
910 1102 1106 1175 abbatibus,
1123 1101 1241 1184 priori-

131 1207 206 1281 bus,
219 1206 533 1290 archipresbyteris
546 1226 679 1270 necnon
692 1206 970 1289 procuratoribus
981 1204 1230 1269 cathedralium

132 1318 165 1375 et
199 1312 457 1397 collegiatarum
489 1311 706 1375 ecclesiarum
744 1317 950 1383 nostrarum,
982 1316 1015 1373 et
1055 1309 1129 1373 aliis
1159 1310 1241 1374 viris

130 1416 377 1491 ecclesiasticis,
407 1416 441 1479 in
468 1414 691 1479 multitudine
717 1415 855 1497 copiosa
882 1414 916 1478 in
944 1413 1095 1478 Ecclesia
1122 1420 1240 1479 nostra

129 1521 232 1584 Ebor.
286 1520 555 1593 considentibus
609 1519 839 1582 venerabilem
892 1519 1033 1583 fratrem
1082 1525 1239 1583 nostrum

128 1625 307 1690 dominum
368 1624 527 1688 Dunelm.
587 1623 783 1706 episcopum
844 1644 913 1687 non
970 1629 1238 1707 comparentem,

129 1736 268 1814 propter
280 1729 506 1793 reverentiam
520 1727 758 1810 patriarchalis
770 1727 960 1811 dignitatis,
974 1749 1079 1812 quam
1092 1728 1237 1801 obtinet,

127 1855 167 1897 ac
190 1829 294 1897 etiam
318 1852 442 1917 proper
464 1833 635 1896 notoriam
659 1831 926 1896 invalitudinem
949 1832 1169 1915 corporalem,
1195 1831 1238 1895 ad

126 1958 286 2022 praesens
310 1937 495 2001 habuimus
520 1944 732 2000 excusatum.
783 1937 964 2020 Proposito
989 1937 1107 2020 itaque
1132 1936 1238 1999 verbo

127 2041 202 2113 Dei,
229 2041 390 2105 articulos
415 2042 449 2105 in
476 2042 550 2124 ipso
575 2040 719 2104 concilio
743 2046 863 2104 nostro
892 2041 1092 2105 tractandos
1119 2046 1152 2103 et
1181 2061 1237 2103 ex-

127 2146 313 2229 pediendos
340 2145 496 2229 praelato
523 2146 612 2208 clero
639 2151 757 2209 nostro
785 2146 1007 2229 exposuimus
1033 2145 1114 2208 viva
1141 2165 1234 2209 voce.

127 2251 239 2315 Lectis
270 2250 375 2314 etiam
408 2249 630 2334 postmodum
661 2250 870 2333 quibusdam
904 2250 1010 2313 literis
1041 2249 1237 2333 apostolicis

126 2375 228 2438 super
241 2354 520 2439 inquisitionibus
535 2359 656 2417 contra
671 2353 859 2438 singulares
874 2374 1037 2438 personas
1051 2353 1236 2438 Templari-

126 2480 224 2523 orum
255 2465 289 2522 et
322 2459 473 2542 ipsorum
509 2457 673 2522 Ordinem
706 2457 881 2533 faciendis,
914 2479 953 2522 ac
985 2458 1090 2522 etiam
1131 2457 1238 2522 literis

125 2563 292 2627 citatoriis
314 2569 349 2627 et
372 2562 631 2636 certificatoriis,
658 2568 731 2626 tam
758 2562 981 2626 Karliolensis
1005 2568 1038 2626 et
1064 2561 1237 2626 Candidae

125 2667 230 2732 Casae
271 2667 508 2751 episcoporum
548 2665 843 2751 suffraganeorum
893 2672 1091 2730 nostrorum
1141 2687 1236 2750 prae·

124 2771 306 2846 dictorum,
320 2791 426 2854 quam
438 2769 579 2852 capituli
594 2769 752 2833 ecclesiae
766 2774 904 2832 nostrae
918 2770 1021 2833 Ebor.
1036 2775 1070 2832 et
1084 2769 1236 2833 officialis

124 2875 231 2939 nostri
259 2875 361 2938 Ebor.
389 2874 443 2937 cui
471 2874 617 2937 eandem
647 2873 850 2937 citationem
882 2873 916 2936 in
947 2873 1090 2937 dioecesi
1120 2879 1236 2937 nostra

124 2978 300 3062 praedicta
320 2978 553 3042 commisimus
573 2978 788 3051 taciendam;
815 2977 966 3061 ipsisque
985 2977 1033 3041 sic
1053 2977 1179 3052 citatis
1201 2983 1234 3040 et

123 3082 166 3146 de
197 3082 363 3147 mandato
393 3088 513 3146 nostro
545 3081 802 3164 praeconizatiS,
832 3087 866 3145 et
895 3101 957 3166 pro
989 3080 1110 3162 majori
1137 3088 1235 3165 parte

125 3187 348 3270 personaliter
360 3193 393 3250 et
407 3186 614 3251 sufficienter
626 3186 916 3270 comparentibus
931 3185 1139 3269 quibusdam
1153 3205 1235 3249 vero

124 3312 166 3355 ex
189 3292 236 3355 eis
256 3292 408 3357 diversas
424 3291 661 3356 excusationes
678 3297 711 3354 et
734 3290 982 3374 impedimenta
999 3309 1060 3372 per
1075 3309 1235 3372 procura-

124 3402 215 3461 tores
230 3396 391 3480 speciales
409 3395 691 3478 proponentibus
709 3401 744 3459 et
761 3395 825 3458 illis
843 3395 877 3458 in
893 3399 1067 3478 quantum
1084 3393 1234 3479 legitime

123 3507 222 3566 crant
242 3499 561 3582 admissis—super
581 3519 738 3582 processu
763 3505 883 3563 contra
904 3519 973 3562 non
997 3504 1235 3581 comparentes

125 3604 279 3669 laciendo
315 3624 422 3687 usque
458 3604 492 3667 in
527 3603 716 3667 crastinum
751 3603 913 3667 duximus
949 3602 1232 3677 deliberandum;

124 3708 348 3793 praefigentes
369 3707 478 3771 eidem
501 3707 590 3770 clero
612 3713 728 3770 nostro
749 3706 896 3771 eundem
919 3706 1010 3771 diem
1032 3707 1232 3781 crastinum,

124 3833 237 3877 coram
264 3812 365 3876 nobis
392 3811 425 3875 in
454 3810 607 3894 capitulo
630 3817 748 3874 nostro
772 3811 875 3874 Ebor.
902 3811 946 3874 ad
971 3811 1233 3895 proponendum

124 3916 275 3980 dandum
304 3923 338 3980 et
366 3915 597 3979 exhibendum
619 3915 652 3978 in
673 3915 809 3998 scriptis
830 3914 992 3979 articulos
1012 3921 1046 3978 et
1067 3915 1229 3999 capitula,

124 4020 357 4105 contingentia
403 4025 535 4083 statum
581 4026 616 4081 et
654 4019 898 4083 correctionem
939 4019 1157 4084 ecclesiarum
1196 4025 1230 4082 et

122 4124 425 4187 ecclesiasticamm
446 4142 678 4206 personarum,
699 4128 733 4186 et
754 4122 820 4186 alia
839 4143 928 4205 quae
948 4123 983 4187 in
1004 4124 1067 4187 hoc
1087 4122 1231 4186 concilio

122 4233 240 4291 nostro
254 4227 429 4291 debebunt
445 4234 478 4291 et
495 4232 657 4309 poterunt
673 4227 859 4291 reformari.
920 4227 996 4312 Quo
1011 4227 1065 4291 dic
1080 4226 1231 4291 crastino

122 4332 155 4395 in
178 4329 330 4416 capitulo
351 4331 510 4395 ecclesiae
532 4337 670 4394 nostrae
696 4331 799 4394 libor.
824 4331 981 4415 praelato
1003 4331 1092 4395 clero
1114 4351 1229 4395 coram

122 4435 219 4499 nobis
248 4442 478 4518 comparente,
510 4435 693 4518 propositis
723 4435 827 4498 etiam
858 4442 892 4499 et
923 4435 1087 4519 expositis
1116 4435 1228 4499 eidem
