<?xml version="1.0" encoding="UTF-8"?>
<!DOCTYPE html PUBLIC "-//W3C//DTD XHTML 1.0 Transitional//EN"
    "http://www.w3.org/TR/xhtml1/DTD/xhtml1-transitional.dtd">
<html xmlns="http://www.w3.org/1999/xhtml" xml:lang="en" lang="en">
 <head>
  <title>
</title>
<meta http-equiv="Content-Type" content="text/html;charset=utf-8" />
  <meta name='ocr-system' content='tesseract 3.04.00' />
  <meta name='ocr-capabilities' content='ocr_page ocr_carea ocr_par ocr_line ocrx_word'/>
</head>
<body>
  <div class='ocr_page' id='page_1' title='image "./recordsnorthern00convgoog_0166.png"; bbox 0 0 2918 5010; ppageno 0'>
   <div class='ocr_carea' id='block_1_1' title="bbox 485 355 1287 443">
    <p class='ocr_par' dir='ltr' id='par_1_1' title="bbox 485 355 1287 443">
     <span class='ocr_line' id='line_1_1' title="bbox 485 355 1287 443; baseline 0.005 -23"><span class='ocrx_word' id='word_1_1' title='bbox 485 355 688 423; x_wconf 78' lang='lat' dir='ltr'>Nonruunu</span> <span class='ocrx_word' id='word_1_2' title='bbox 721 356 990 423; x_wconf 75' lang='lat' dir='ltr'><strong>CONVOCATION.</strong></span> <span class='ocrx_word' id='word_1_3' title='bbox 1245 378 1287 443; x_wconf 84' lang='lat'>39</span> 
     </span>
    </p>
   </div>
   <div class='ocr_carea' id='block_1_2' title="bbox 171 548 1283 3975">
    <p class='ocr_par' dir='ltr' id='par_1_2' title="bbox 171 548 1283 3975">
     <span class='ocr_line' id='line_1_2' title="bbox 174 548 1280 632; baseline 0.004 -21"><span class='ocrx_word' id='word_1_4' title='bbox 174 548 263 611; x_wconf 84' lang='lat' dir='ltr'>clero</span> <span class='ocrx_word' id='word_1_5' title='bbox 280 548 433 631; x_wconf 88' lang='lat' dir='ltr'>ejusdem</span> <span class='ocrx_word' id='word_1_6' title='bbox 451 549 641 613; x_wconf 86' lang='lat' dir='ltr'>dioeceseos</span> <span class='ocrx_word' id='word_1_7' title='bbox 658 555 691 612; x_wconf 90' lang='lat' dir='ltr'>et</span> <span class='ocrx_word' id='word_1_8' title='bbox 709 550 914 632; x_wconf 89' lang='lat' dir='ltr'>provinciae,</span> <span class='ocrx_word' id='word_1_9' title='bbox 932 549 1059 615; x_wconf 89' lang='lat' dir='ltr'>clericis</span> <span class='ocrx_word' id='word_1_10' title='bbox 1079 556 1113 614; x_wconf 91' lang='lat' dir='ltr'>et</span> <span class='ocrx_word' id='word_1_11' title='bbox 1133 550 1226 614; x_wconf 92' lang='lat' dir='ltr'>laicis</span> <span class='ocrx_word' id='word_1_12' title='bbox 1246 551 1280 615; x_wconf 93' lang='lat' dir='ltr'>in</span> 
     </span>
     <span class='ocr_line' id='line_1_3' title="bbox 175 653 1266 738; baseline 0.001 -21"><span class='ocrx_word' id='word_1_13' title='bbox 175 653 397 718; x_wconf 91' lang='lat' dir='ltr'>multitudine</span> <span class='ocrx_word' id='word_1_14' title='bbox 414 653 561 737; x_wconf 87' lang='lat' dir='ltr'>copiosa,</span> <span class='ocrx_word' id='word_1_15' title='bbox 580 675 619 717; x_wconf 90' lang='lat' dir='ltr'>ac</span> <span class='ocrx_word' id='word_1_16' title='bbox 637 653 836 737; x_wconf 88' lang='lat' dir='ltr'>Templariis</span> <span class='ocrx_word' id='word_1_17' title='bbox 854 655 934 738; x_wconf 93' lang='lat' dir='ltr'>ipsis</span> <span class='ocrx_word' id='word_1_18' title='bbox 950 655 1186 730; x_wconf 89' lang='lat' dir='ltr'>existentibus,</span> <span class='ocrx_word' id='word_1_19' title='bbox 1201 655 1266 719; x_wconf 90' lang='lat' dir='ltr'>reci</span> 
     </span>
     <span class='ocr_line' id='line_1_4' title="bbox 174 757 1280 842; baseline 0.004 -22"><span class='ocrx_word' id='word_1_20' title='bbox 174 758 257 821; x_wconf 86' lang='lat' dir='ltr'>tatis</span> <span class='ocrx_word' id='word_1_21' title='bbox 295 758 381 821; x_wconf 89' lang='lat' dir='ltr'>actis</span> <span class='ocrx_word' id='word_1_22' title='bbox 420 757 532 822; x_wconf 90' lang='lat' dir='ltr'>ultimi</span> <span class='ocrx_word' id='word_1_23' title='bbox 570 758 647 832; x_wconf 93' lang='lat' dir='ltr'>diei,</span> <span class='ocrx_word' id='word_1_24' title='bbox 685 759 863 842; x_wconf 88' lang='lat' dir='ltr'>petitoque</span> <span class='ocrx_word' id='word_1_25' title='bbox 902 759 1036 841; x_wconf 88' lang='lat' dir='ltr'>publice</span> <span class='ocrx_word' id='word_1_26' title='bbox 1072 761 1116 824; x_wconf 91' lang='lat' dir='ltr'>ab</span> <span class='ocrx_word' id='word_1_27' title='bbox 1153 759 1280 824; x_wconf 90' lang='lat' dir='ltr'>eisdem</span> 
     </span>
     <span class='ocr_line' id='line_1_5' title="bbox 173 861 1280 946; baseline 0.004 -22"><span class='ocrx_word' id='word_1_28' title='bbox 173 861 384 945; x_wconf 88' lang='lat' dir='ltr'>Templariis,</span> <span class='ocrx_word' id='word_1_29' title='bbox 399 884 443 926; x_wconf 87' lang='lat' dir='ltr'>an</span> <span class='ocrx_word' id='word_1_30' title='bbox 455 862 570 946; x_wconf 89' lang='lat' dir='ltr'>aliqua</span> <span class='ocrx_word' id='word_1_31' title='bbox 583 864 748 928; x_wconf 84' lang='lat' dir='ltr'>haberent</span> <span class='ocrx_word' id='word_1_32' title='bbox 762 863 984 946; x_wconf 90' lang='lat' dir='ltr'>proponenda</span> <span class='ocrx_word' id='word_1_33' title='bbox 997 863 1208 928; x_wconf 88' lang='lat' dir='ltr'>ostendenda</span> <span class='ocrx_word' id='word_1_34' title='bbox 1220 885 1280 928; x_wconf 88' lang='lat' dir='ltr'>seu</span> 
     </span>
     <span class='ocr_line' id='line_1_6' title="bbox 173 966 1280 1053; baseline 0.005 -25"><span class='ocrx_word' id='word_1_35' title='bbox 173 966 368 1031; x_wconf 83' lang='lat' dir='ltr'>exhibenda</span> <span class='ocrx_word' id='word_1_36' title='bbox 379 987 441 1050; x_wconf 94' lang='lat' dir='ltr'>pro</span> <span class='ocrx_word' id='word_1_37' title='bbox 452 967 569 1050; x_wconf 88' lang='lat' dir='ltr'>seipsis</span> <span class='ocrx_word' id='word_1_38' title='bbox 580 968 614 1031; x_wconf 96' lang='lat' dir='ltr'>in</span> <span class='ocrx_word' id='word_1_39' title='bbox 626 968 762 1051; x_wconf 89' lang='lat' dir='ltr'>negotio</span> <span class='ocrx_word' id='word_1_40' title='bbox 773 973 976 1042; x_wconf 88' lang='lat' dir='ltr'>memorato;</span> <span class='ocrx_word' id='word_1_41' title='bbox 992 975 1025 1030; x_wconf 93' lang='lat' dir='ltr'>et</span> <span class='ocrx_word' id='word_1_42' title='bbox 1037 969 1220 1053; x_wconf 91' lang='lat' dir='ltr'>propositis</span> <span class='ocrx_word' id='word_1_43' title='bbox 1231 969 1280 1033; x_wconf 93' lang='lat' dir='ltr'>in-</span> 
     </span>
     <span class='ocr_line' id='line_1_7' title="bbox 173 1071 1280 1157; baseline 0.004 -23"><span class='ocrx_word' id='word_1_44' title='bbox 173 1072 390 1135; x_wconf 81' lang='lat' dir='ltr'>continenter</span> <span class='ocrx_word' id='word_1_45' title='bbox 418 1092 478 1155; x_wconf 87' lang='lat' dir='ltr'>per</span> <span class='ocrx_word' id='word_1_46' title='bbox 507 1072 597 1154; x_wconf 88' lang='lat' dir='ltr'>ipsos</span> <span class='ocrx_word' id='word_1_47' title='bbox 625 1072 835 1155; x_wconf 85' lang='lat' dir='ltr'>Templarios</span> <span class='ocrx_word' id='word_1_48' title='bbox 867 1071 1019 1154; x_wconf 89' lang='lat' dir='ltr'>quadam</span> <span class='ocrx_word' id='word_1_49' title='bbox 1051 1073 1217 1157; x_wconf 89' lang='lat' dir='ltr'>petitione</span> <span class='ocrx_word' id='word_1_50' title='bbox 1245 1074 1280 1138; x_wconf 93' lang='lat' dir='ltr'>in</span> 
     </span>
     <span class='ocr_line' id='line_1_8' title="bbox 173 1174 1281 1261; baseline 0.004 -24"><span class='ocrx_word' id='word_1_51' title='bbox 173 1174 313 1250; x_wconf 71' lang='lat' dir='ltr'>Gallico,</span> <span class='ocrx_word' id='word_1_52' title='bbox 326 1182 360 1239; x_wconf 92' lang='lat' dir='ltr'>et</span> <span class='ocrx_word' id='word_1_53' title='bbox 372 1177 507 1240; x_wconf 88' lang='lat' dir='ltr'>duabus</span> <span class='ocrx_word' id='word_1_54' title='bbox 519 1177 628 1250; x_wconf 89' lang='lat' dir='ltr'>bullis,</span> <span class='ocrx_word' id='word_1_55' title='bbox 641 1198 710 1241; x_wconf 89' lang='lat' dir='ltr'>una</span> <span class='ocrx_word' id='word_1_56' title='bbox 723 1177 913 1240; x_wconf 82' lang='lat' dir='ltr'>innocentii</span> <span class='ocrx_word' id='word_1_57' title='bbox 923 1178 1038 1261; x_wconf 89' lang='lat' dir='ltr'>quarti</span> <span class='ocrx_word' id='word_1_58' title='bbox 1050 1183 1083 1241; x_wconf 90' lang='lat' dir='ltr'>et</span> <span class='ocrx_word' id='word_1_59' title='bbox 1095 1178 1161 1243; x_wconf 91' lang='lat' dir='ltr'>alia</span> <span class='ocrx_word' id='word_1_60' title='bbox 1172 1178 1281 1242; x_wconf 87' lang='lat' dir='ltr'>Anas·</span> 
     </span>
     <span class='ocr_line' id='line_1_9' title="bbox 172 1279 1278 1366; baseline 0.005 -24"><span class='ocrx_word' id='word_1_61' title='bbox 172 1279 250 1342; x_wconf 90' lang='lat' dir='ltr'>tasii</span> <span class='ocrx_word' id='word_1_62' title='bbox 268 1280 359 1343; x_wconf 89' lang='lat' dir='ltr'>tertii</span> <span class='ocrx_word' id='word_1_63' title='bbox 373 1301 379 1354; x_wconf 87' lang='lat'>;</span> <span class='ocrx_word' id='word_1_64' title='bbox 401 1281 527 1364; x_wconf 88' lang='lat' dir='ltr'>quibus</span> <span class='ocrx_word' id='word_1_65' title='bbox 543 1281 677 1364; x_wconf 91' lang='lat' dir='ltr'>publice</span> <span class='ocrx_word' id='word_1_66' title='bbox 693 1282 799 1356; x_wconf 74' lang='lat' dir='ltr'>lectis</span> <span class='ocrx_word' id='word_1_67' title='bbox 818 1282 955 1345; x_wconf 90' lang='lat' dir='ltr'>eosdem</span> <span class='ocrx_word' id='word_1_68' title='bbox 971 1282 1181 1366; x_wconf 88' lang='lat' dir='ltr'>Templarios</span> <span class='ocrx_word' id='word_1_69' title='bbox 1198 1283 1278 1347; x_wconf 86' lang='lat' dir='ltr'>fecit</span> 
     </span>
     <span class='ocr_line' id='line_1_10' title="bbox 171 1384 1280 1471; baseline 0.005 -24"><span class='ocrx_word' id='word_1_70' title='bbox 171 1384 262 1448; x_wconf 90' lang='lat' dir='ltr'>idem</span> <span class='ocrx_word' id='word_1_71' title='bbox 286 1385 489 1448; x_wconf 87' lang='lat' dir='ltr'>venerabilis</span> <span class='ocrx_word' id='word_1_72' title='bbox 514 1391 612 1468; x_wconf 85' lang='lat' dir='ltr'>pater</span> <span class='ocrx_word' id='word_1_73' title='bbox 635 1385 835 1469; x_wconf 90' lang='lat' dir='ltr'>interrogari</span> <span class='ocrx_word' id='word_1_74' title='bbox 859 1386 1068 1471; x_wconf 84' lang='lat' dir='ltr'>singillatim,</span> <span class='ocrx_word' id='word_1_75' title='bbox 1094 1408 1137 1452; x_wconf 87' lang='lat' dir='ltr'>an</span> <span class='ocrx_word' id='word_1_76' title='bbox 1163 1409 1280 1453; x_wconf 91' lang='lat' dir='ltr'>omnes</span> 
     </span>
     <span class='ocr_line' id='line_1_11' title="bbox 171 1489 1281 1575; baseline 0.005 -24"><span class='ocrx_word' id='word_1_77' title='bbox 171 1489 220 1552; x_wconf 94' lang='lat' dir='ltr'>ibi</span> <span class='ocrx_word' id='word_1_78' title='bbox 240 1495 322 1553; x_wconf 90' lang='lat' dir='ltr'>tunc</span> <span class='ocrx_word' id='word_1_79' title='bbox 340 1496 536 1573; x_wconf 83' lang='lat' dir='ltr'>praesentes</span> <span class='ocrx_word' id='word_1_80' title='bbox 554 1490 738 1554; x_wconf 82' lang='lat' dir='ltr'>habuerint</span> <span class='ocrx_word' id='word_1_81' title='bbox 756 1490 853 1553; x_wconf 88' lang='lat' dir='ltr'>firma</span> <span class='ocrx_word' id='word_1_82' title='bbox 871 1497 905 1553; x_wconf 90' lang='lat' dir='ltr'>et</span> <span class='ocrx_word' id='word_1_83' title='bbox 923 1497 1010 1566; x_wconf 89' lang='lat' dir='ltr'>rata,</span> <span class='ocrx_word' id='word_1_84' title='bbox 1029 1493 1169 1575; x_wconf 89' lang='lat' dir='ltr'>quaein</span> <span class='ocrx_word' id='word_1_85' title='bbox 1187 1493 1281 1558; x_wconf 90' lang='lat' dir='ltr'>dicta</span> 
     </span>
     <span class='ocr_line' id='line_1_12' title="bbox 172 1593 1278 1681; baseline 0.005 -25"><span class='ocrx_word' id='word_1_86' title='bbox 172 1593 294 1657; x_wconf 90' lang='lat' dir='ltr'>cedula</span> <span class='ocrx_word' id='word_1_87' title='bbox 320 1595 609 1669; x_wconf 89' lang='lat' dir='ltr'>continebantur;</span> <span class='ocrx_word' id='word_1_88' title='bbox 635 1596 694 1677; x_wconf 90' lang='lat' dir='ltr'>qui</span> <span class='ocrx_word' id='word_1_89' title='bbox 721 1614 877 1678; x_wconf 86' lang='lat' dir='ltr'>expresse</span> <span class='ocrx_word' id='word_1_90' title='bbox 903 1595 1074 1671; x_wconf 88' lang='lat' dir='ltr'>dixerunt,</span> <span class='ocrx_word' id='word_1_91' title='bbox 1102 1597 1195 1681; x_wconf 92' lang='lat' dir='ltr'>quod</span> <span class='ocrx_word' id='word_1_92' title='bbox 1221 1597 1278 1662; x_wconf 93' lang='lat' dir='ltr'>sic.</span> 
     </span>
     <span class='ocr_line' id='line_1_13' title="bbox 173 1697 1280 1782; baseline 0.004 -22"><span class='ocrx_word' id='word_1_93' title='bbox 173 1697 328 1762; x_wconf 86' lang='lat' dir='ltr'>Tandem</span> <span class='ocrx_word' id='word_1_94' title='bbox 353 1698 441 1762; x_wconf 91' lang='lat' dir='ltr'>idem</span> <span class='ocrx_word' id='word_1_95' title='bbox 466 1705 566 1782; x_wconf 89' lang='lat' dir='ltr'>pater</span> <span class='ocrx_word' id='word_1_96' title='bbox 589 1698 630 1762; x_wconf 91' lang='lat' dir='ltr'>de</span> <span class='ocrx_word' id='word_1_97' title='bbox 654 1699 827 1763; x_wconf 92' lang='lat' dir='ltr'>communi</span> <span class='ocrx_word' id='word_1_98' title='bbox 851 1720 1017 1764; x_wconf 89' lang='lat' dir='ltr'>consensu</span> <span class='ocrx_word' id='word_1_99' title='bbox 1041 1701 1123 1764; x_wconf 90' lang='lat' dir='ltr'>dicti</span> <span class='ocrx_word' id='word_1_100' title='bbox 1147 1702 1280 1766; x_wconf 91' lang='lat' dir='ltr'>concilii</span> 
     </span>
     <span class='ocr_line' id='line_1_14' title="bbox 174 1802 1280 1889; baseline 0.005 -24"><span class='ocrx_word' id='word_1_101' title='bbox 174 1803 266 1885; x_wconf 91' lang='lat' dir='ltr'>ipsos</span> <span class='ocrx_word' id='word_1_102' title='bbox 284 1802 504 1886; x_wconf 89' lang='lat' dir='ltr'>Templarios,</span> <span class='ocrx_word' id='word_1_103' title='bbox 525 1811 559 1866; x_wconf 88' lang='lat' dir='ltr'>et</span> <span class='ocrx_word' id='word_1_104' title='bbox 579 1824 696 1867; x_wconf 88' lang='lat' dir='ltr'>omnes</span> <span class='ocrx_word' id='word_1_105' title='bbox 715 1803 798 1867; x_wconf 88' lang='lat' dir='ltr'>alios</span> <span class='ocrx_word' id='word_1_106' title='bbox 816 1802 953 1867; x_wconf 88' lang='lat' dir='ltr'>clericos</span> <span class='ocrx_word' id='word_1_107' title='bbox 971 1809 1005 1867; x_wconf 92' lang='lat' dir='ltr'>et</span> <span class='ocrx_word' id='word_1_108' title='bbox 1024 1804 1137 1880; x_wconf 88' lang='lat' dir='ltr'>laicos,</span> <span class='ocrx_word' id='word_1_109' title='bbox 1157 1806 1217 1889; x_wconf 92' lang='lat' dir='ltr'>qui</span> <span class='ocrx_word' id='word_1_110' title='bbox 1235 1805 1280 1870; x_wconf 90' lang='lat' dir='ltr'>ad</span> 
     </span>
     <span class='ocr_line' id='line_1_15' title="bbox 172 1905 1280 1993; baseline 0.005 -24"><span class='ocrx_word' id='word_1_111' title='bbox 172 1905 257 1971; x_wconf 92' lang='lat' dir='ltr'>illud</span> <span class='ocrx_word' id='word_1_112' title='bbox 288 1908 469 1971; x_wconf 90' lang='lat' dir='ltr'>concilium</span> <span class='ocrx_word' id='word_1_113' title='bbox 500 1908 615 1971; x_wconf 89' lang='lat' dir='ltr'>vocati</span> <span class='ocrx_word' id='word_1_114' title='bbox 646 1928 714 1971; x_wconf 93' lang='lat' dir='ltr'>non</span> <span class='ocrx_word' id='word_1_115' title='bbox 746 1908 895 1983; x_wconf 87' lang='lat' dir='ltr'>luerunt,</span> <span class='ocrx_word' id='word_1_116' title='bbox 928 1908 1059 1972; x_wconf 89' lang='lat' dir='ltr'>dictum</span> <span class='ocrx_word' id='word_1_117' title='bbox 1089 1909 1280 1993; x_wconf 89' lang='lat' dir='ltr'>capitulum</span> 
     </span>
     <span class='ocr_line' id='line_1_16' title="bbox 171 2011 1280 2098; baseline 0.005 -24"><span class='ocrx_word' id='word_1_118' title='bbox 171 2011 263 2074; x_wconf 88' lang='lat' dir='ltr'>exire</span> <span class='ocrx_word' id='word_1_119' title='bbox 286 2012 375 2085; x_wconf 91' lang='lat' dir='ltr'>lecit,</span> <span class='ocrx_word' id='word_1_120' title='bbox 400 2019 437 2075; x_wconf 93' lang='lat' dir='ltr'>ut</span> <span class='ocrx_word' id='word_1_121' title='bbox 460 2012 501 2076; x_wconf 96' lang='lat' dir='ltr'>de</span> <span class='ocrx_word' id='word_1_122' title='bbox 523 2012 676 2095; x_wconf 90' lang='lat' dir='ltr'>ipsorum</span> <span class='ocrx_word' id='word_1_123' title='bbox 698 2011 969 2096; x_wconf 88' lang='lat' dir='ltr'>Templariomm</span> <span class='ocrx_word' id='word_1_124' title='bbox 989 2013 1127 2097; x_wconf 89' lang='lat' dir='ltr'>negotio</span> <span class='ocrx_word' id='word_1_125' title='bbox 1148 2014 1280 2098; x_wconf 87' lang='lat' dir='ltr'>plenius</span> 
     </span>
     <span class='ocr_line' id='line_1_17' title="bbox 172 2116 1278 2201; baseline 0.005 -23"><span class='ocrx_word' id='word_1_126' title='bbox 172 2122 401 2190; x_wconf 89' lang='lat' dir='ltr'>tractaretur;</span> <span class='ocrx_word' id='word_1_127' title='bbox 435 2117 623 2200; x_wconf 90' lang='lat' dir='ltr'>habitoque</span> <span class='ocrx_word' id='word_1_128' title='bbox 647 2116 819 2180; x_wconf 91' lang='lat' dir='ltr'>communi</span> <span class='ocrx_word' id='word_1_129' title='bbox 848 2122 1001 2180; x_wconf 88' lang='lat' dir='ltr'>tractatu</span> <span class='ocrx_word' id='word_1_130' title='bbox 1023 2138 1125 2201; x_wconf 87' lang='lat' dir='ltr'>super</span> <span class='ocrx_word' id='word_1_131' title='bbox 1147 2118 1278 2195; x_wconf 91' lang='lat' dir='ltr'>eodem,</span> 
     </span>
     <span class='ocr_line' id='line_1_18' title="bbox 174 2219 1281 2308; baseline 0.005 -25"><span class='ocrx_word' id='word_1_132' title='bbox 174 2219 359 2284; x_wconf 89' lang='lat' dir='ltr'>videbatur</span> <span class='ocrx_word' id='word_1_133' title='bbox 375 2220 485 2284; x_wconf 90' lang='lat' dir='ltr'>eidem</span> <span class='ocrx_word' id='word_1_134' title='bbox 500 2221 590 2304; x_wconf 89' lang='lat' dir='ltr'>patri</span> <span class='ocrx_word' id='word_1_135' title='bbox 608 2226 641 2283; x_wconf 90' lang='lat' dir='ltr'>et</span> <span class='ocrx_word' id='word_1_136' title='bbox 660 2221 724 2285; x_wconf 92' lang='lat' dir='ltr'>toti</span> <span class='ocrx_word' id='word_1_137' title='bbox 741 2220 894 2295; x_wconf 93' lang='lat' dir='ltr'>concilio,</span> <span class='ocrx_word' id='word_1_138' title='bbox 909 2221 1003 2303; x_wconf 92' lang='lat' dir='ltr'>quod</span> <span class='ocrx_word' id='word_1_139' title='bbox 1020 2221 1082 2305; x_wconf 93' lang='lat' dir='ltr'>ipsi</span> <span class='ocrx_word' id='word_1_140' title='bbox 1097 2222 1281 2308; x_wconf 87' lang='lat' dir='ltr'>Templarii</span> 
     </span>
     <span class='ocr_line' id='line_1_19' title="bbox 172 2324 1280 2411; baseline 0.005 -24"><span class='ocrx_word' id='word_1_141' title='bbox 172 2330 285 2389; x_wconf 84' lang='lat' dir='ltr'>essent</span> <span class='ocrx_word' id='word_1_142' title='bbox 306 2324 430 2387; x_wconf 89' lang='lat' dir='ltr'>iterato</span> <span class='ocrx_word' id='word_1_143' title='bbox 450 2345 552 2408; x_wconf 88' lang='lat' dir='ltr'>super</span> <span class='ocrx_word' id='word_1_144' title='bbox 570 2324 778 2408; x_wconf 92' lang='lat' dir='ltr'>quibusdam</span> <span class='ocrx_word' id='word_1_145' title='bbox 803 2325 1078 2408; x_wconf 90' lang='lat' dir='ltr'>responsionibus</span> <span class='ocrx_word' id='word_1_146' title='bbox 1098 2327 1167 2391; x_wconf 91' lang='lat' dir='ltr'>suis</span> <span class='ocrx_word' id='word_1_147' title='bbox 1186 2328 1280 2411; x_wconf 92' lang='lat' dir='ltr'>prius</span> 
     </span>
     <span class='ocr_line' id='line_1_20' title="bbox 173 2428 1277 2516; baseline 0.005 -25"><span class='ocrx_word' id='word_1_148' title='bbox 173 2428 284 2503; x_wconf 89' lang='lat' dir='ltr'>lactis,</span> <span class='ocrx_word' id='word_1_149' title='bbox 312 2435 384 2492; x_wconf 92' lang='lat' dir='ltr'>tam</span> <span class='ocrx_word' id='word_1_150' title='bbox 410 2429 444 2492; x_wconf 93' lang='lat' dir='ltr'>in</span> <span class='ocrx_word' id='word_1_151' title='bbox 470 2429 723 2493; x_wconf 84' lang='lat' dir='ltr'>examinatione</span> <span class='ocrx_word' id='word_1_152' title='bbox 749 2436 869 2493; x_wconf 89' lang='lat' dir='ltr'>contra</span> <span class='ocrx_word' id='word_1_153' title='bbox 894 2429 1080 2514; x_wconf 85' lang='lat' dir='ltr'>singulares</span> <span class='ocrx_word' id='word_1_154' title='bbox 1105 2452 1277 2516; x_wconf 70' lang='lat' dir='ltr'>personas</span> 
     </span>
     <span class='ocr_line' id='line_1_21' title="bbox 172 2533 1279 2625; baseline 0.005 -29"><span class='ocrx_word' id='word_1_155' title='bbox 172 2554 278 2619; x_wconf 89' lang='lat' dir='ltr'>quam</span> <span class='ocrx_word' id='word_1_156' title='bbox 332 2541 452 2597; x_wconf 88' lang='lat' dir='ltr'>contra</span> <span class='ocrx_word' id='word_1_157' title='bbox 503 2534 655 2625; x_wconf 81' lang='lat' dir='ltr'>ordinem</span> <span class='ocrx_word' id='word_1_158' title='bbox 706 2533 976 2616; x_wconf 89' lang='lat' dir='ltr'>Templariorum</span> <span class='ocrx_word' id='word_1_159' title='bbox 1026 2536 1279 2618; x_wconf 89' lang='lat' dir='ltr'>praedictorum</span> 
     </span>
     <span class='ocr_line' id='line_1_22' title="bbox 171 2637 1281 2726; baseline 0.005 -25"><span class='ocrx_word' id='word_1_160' title='bbox 171 2638 368 2721; x_wconf 86' lang='lat' dir='ltr'>singillatim</span> <span class='ocrx_word' id='word_1_161' title='bbox 414 2637 611 2721; x_wconf 89' lang='lat' dir='ltr'>ponendum</span> <span class='ocrx_word' id='word_1_162' title='bbox 657 2638 700 2701; x_wconf 86' lang='lat' dir='ltr'>ad</span> <span class='ocrx_word' id='word_1_163' title='bbox 745 2638 913 2702; x_wconf 87' lang='lat' dir='ltr'>rationem</span> <span class='ocrx_word' id='word_1_164' title='bbox 959 2639 1084 2704; x_wconf 88' lang='lat' dir='ltr'>Utrum</span> <span class='ocrx_word' id='word_1_165' title='bbox 1127 2640 1281 2726; x_wconf 85' lang='lat' dir='ltr'>inprimis</span> 
     </span>
     <span class='ocr_line' id='line_1_23' title="bbox 172 2742 1281 2831; baseline 0.005 -26"><span class='ocrx_word' id='word_1_166' title='bbox 172 2743 448 2825; x_wconf 87' lang='lat' dir='ltr'>responsionibus</span> <span class='ocrx_word' id='word_1_167' title='bbox 481 2749 572 2805; x_wconf 90' lang='lat' dir='ltr'>stare</span> <span class='ocrx_word' id='word_1_168' title='bbox 608 2742 734 2806; x_wconf 85' lang='lat' dir='ltr'>vellent</span> <span class='ocrx_word' id='word_1_169' title='bbox 763 2743 896 2806; x_wconf 88' lang='lat' dir='ltr'>necne?</span> <span class='ocrx_word' id='word_1_170' title='bbox 957 2743 1052 2827; x_wconf 91' lang='lat' dir='ltr'>lpsos</span> <span class='ocrx_word' id='word_1_171' title='bbox 1083 2745 1281 2831; x_wconf 90' lang='lat' dir='ltr'>singillatim</span> 
     </span>
     <span class='ocr_line' id='line_1_24' title="bbox 171 2847 1279 2930; baseline 0.005 -20"><span class='ocrx_word' id='word_1_172' title='bbox 171 2867 286 2910; x_wconf 86' lang='lat' dir='ltr'>coram</span> <span class='ocrx_word' id='word_1_173' title='bbox 315 2847 399 2930; x_wconf 92' lang='lat' dir='ltr'>ips0,</span> <span class='ocrx_word' id='word_1_174' title='bbox 430 2854 463 2909; x_wconf 90' lang='lat' dir='ltr'>et</span> <span class='ocrx_word' id='word_1_175' title='bbox 493 2847 586 2910; x_wconf 90' lang='lat' dir='ltr'>dicto</span> <span class='ocrx_word' id='word_1_176' title='bbox 614 2847 756 2910; x_wconf 91' lang='lat' dir='ltr'>concilio</span> <span class='ocrx_word' id='word_1_177' title='bbox 785 2847 865 2910; x_wconf 88' lang='lat' dir='ltr'>fecit</span> <span class='ocrx_word' id='word_1_178' title='bbox 895 2847 1030 2921; x_wconf 79' lang='lat' dir='ltr'>adduci,</span> <span class='ocrx_word' id='word_1_179' title='bbox 1060 2855 1094 2912; x_wconf 90' lang='lat' dir='ltr'>et</span> <span class='ocrx_word' id='word_1_180' title='bbox 1123 2871 1202 2914; x_wconf 86' lang='lat' dir='ltr'>suas</span> <span class='ocrx_word' id='word_1_181' title='bbox 1230 2872 1279 2915; x_wconf 91' lang='lat' dir='ltr'>re-</span> 
     </span>
     <span class='ocr_line' id='line_1_25' title="bbox 172 2951 1279 3038; baseline 0.006 -24"><span class='ocrx_word' id='word_1_182' title='bbox 172 2951 371 3034; x_wconf 90' lang='lat' dir='ltr'>sponsiones</span> <span class='ocrx_word' id='word_1_183' title='bbox 389 2951 526 3024; x_wconf 87' lang='lat' dir='ltr'>eisdem,</span> <span class='ocrx_word' id='word_1_184' title='bbox 546 2959 580 3014; x_wconf 89' lang='lat' dir='ltr'>et</span> <span class='ocrx_word' id='word_1_185' title='bbox 598 2951 737 3015; x_wconf 87' lang='lat' dir='ltr'>cuilibet</span> <span class='ocrx_word' id='word_1_186' title='bbox 756 2972 884 3026; x_wconf 89' lang='lat' dir='ltr'>eorum,</span> <span class='ocrx_word' id='word_1_187' title='bbox 904 2959 1006 3034; x_wconf 91' lang='lat' dir='ltr'>prout</span> <span class='ocrx_word' id='word_1_188' title='bbox 1024 2954 1152 3038; x_wconf 92' lang='lat' dir='ltr'>scripta</span> <span class='ocrx_word' id='word_1_189' title='bbox 1170 2963 1279 3031; x_wconf 92' lang='lat' dir='ltr'>erant,</span> 
     </span>
     <span class='ocr_line' id='line_1_26' title="bbox 171 3055 1282 3142; baseline 0.006 -24"><span class='ocrx_word' id='word_1_190' title='bbox 171 3055 207 3119; x_wconf 95' lang='lat' dir='ltr'>in</span> <span class='ocrx_word' id='word_1_191' title='bbox 231 3055 345 3140; x_wconf 88' lang='lat' dir='ltr'>lingua</span> <span class='ocrx_word' id='word_1_192' title='bbox 366 3063 523 3118; x_wconf 85' lang='lat' dir='ltr'>materna</span> <span class='ocrx_word' id='word_1_193' title='bbox 544 3057 667 3139; x_wconf 87' lang='lat' dir='ltr'>exponi</span> <span class='ocrx_word' id='word_1_194' title='bbox 685 3077 691 3130; x_wconf 88' lang='lat'>;</span> <span class='ocrx_word' id='word_1_195' title='bbox 721 3062 755 3119; x_wconf 90' lang='lat' dir='ltr'>et</span> <span class='ocrx_word' id='word_1_196' title='bbox 779 3056 889 3120; x_wconf 85' lang='lat' dir='ltr'>dictas</span> <span class='ocrx_word' id='word_1_197' title='bbox 913 3058 1099 3123; x_wconf 89' lang='lat' dir='ltr'>eorundem</span> <span class='ocrx_word' id='word_1_198' title='bbox 1118 3059 1282 3142; x_wconf 86' lang='lat' dir='ltr'>justifica-</span> 
     </span>
     <span class='ocr_line' id='line_1_27' title="bbox 173 3160 1282 3250; baseline 0.005 -27"><span class='ocrx_word' id='word_1_199' title='bbox 173 3160 283 3224; x_wconf 91' lang='lat' dir='ltr'>tiones</span> <span class='ocrx_word' id='word_1_200' title='bbox 312 3168 346 3223; x_wconf 91' lang='lat' dir='ltr'>et</span> <span class='ocrx_word' id='word_1_201' title='bbox 377 3160 620 3244; x_wconf 87' lang='lat' dir='ltr'>intelligentias</span> <span class='ocrx_word' id='word_1_202' title='bbox 654 3182 713 3244; x_wconf 90' lang='lat' dir='ltr'>per</span> <span class='ocrx_word' id='word_1_203' title='bbox 747 3161 898 3225; x_wconf 90' lang='lat' dir='ltr'>notarios</span> <span class='ocrx_word' id='word_1_204' title='bbox 930 3162 1085 3245; x_wconf 92' lang='lat' dir='ltr'>publicos</span> <span class='ocrx_word' id='word_1_205' title='bbox 1114 3165 1218 3250; x_wconf 91' lang='lat' dir='ltr'>redigi</span> <span class='ocrx_word' id='word_1_206' title='bbox 1248 3166 1282 3230; x_wconf 96' lang='lat' dir='ltr'>in</span> 
     </span>
     <span class='ocr_line' id='line_1_28' title="bbox 173 3265 1283 3351; baseline 0.004 -23"><span class='ocrx_word' id='word_1_207' title='bbox 173 3265 390 3348; x_wconf 87' lang='lat' dir='ltr'>scripturam.</span> <span class='ocrx_word' id='word_1_208' title='bbox 439 3266 484 3328; x_wconf 87' lang='lat' dir='ltr'>Et</span> <span class='ocrx_word' id='word_1_209' title='bbox 515 3266 567 3328; x_wconf 91' lang='lat' dir='ltr'>his</span> <span class='ocrx_word' id='word_1_210' title='bbox 598 3266 707 3339; x_wconf 89' lang='lat' dir='ltr'>lactis,</span> <span class='ocrx_word' id='word_1_211' title='bbox 738 3266 896 3349; x_wconf 83' lang='lat' dir='ltr'>praefixit</span> <span class='ocrx_word' id='word_1_212' title='bbox 926 3267 1053 3330; x_wconf 89' lang='lat' dir='ltr'>eisdem</span> <span class='ocrx_word' id='word_1_213' title='bbox 1083 3268 1283 3351; x_wconf 88' lang='lat' dir='ltr'>Templariis</span> 
     </span>
     <span class='ocr_line' id='line_1_29' title="bbox 173 3368 1281 3453; baseline 0.003 -20"><span class='ocrx_word' id='word_1_214' title='bbox 173 3368 265 3433; x_wconf 93' lang='lat' dir='ltr'>diem</span> <span class='ocrx_word' id='word_1_215' title='bbox 292 3370 492 3443; x_wconf 89' lang='lat' dir='ltr'>crastinum,</span> <span class='ocrx_word' id='word_1_216' title='bbox 521 3369 679 3433; x_wconf 89' lang='lat' dir='ltr'>videlicet</span> <span class='ocrx_word' id='word_1_217' title='bbox 708 3369 798 3432; x_wconf 92' lang='lat' dir='ltr'>diem</span> <span class='ocrx_word' id='word_1_218' title='bbox 820 3370 958 3434; x_wconf 88' lang='lat' dir='ltr'>Veneris</span> <span class='ocrx_word' id='word_1_219' title='bbox 982 3370 1177 3453; x_wconf 85' lang='lat' dir='ltr'>proximum</span> <span class='ocrx_word' id='word_1_220' title='bbox 1201 3379 1281 3436; x_wconf 91' lang='lat' dir='ltr'>ante</span> 
     </span>
     <span class='ocr_line' id='line_1_30' title="bbox 173 3473 1281 3556; baseline 0.004 -20"><span class='ocrx_word' id='word_1_221' title='bbox 173 3474 300 3537; x_wconf 88' lang='lat' dir='ltr'>festum</span> <span class='ocrx_word' id='word_1_222' title='bbox 338 3473 567 3547; x_wconf 77' lang='lat' dir='ltr'>pentecostes,</span> <span class='ocrx_word' id='word_1_223' title='bbox 600 3495 715 3537; x_wconf 91' lang='lat' dir='ltr'>coram</span> <span class='ocrx_word' id='word_1_224' title='bbox 753 3474 826 3556; x_wconf 90' lang='lat' dir='ltr'>ipso</span> <span class='ocrx_word' id='word_1_225' title='bbox 862 3481 894 3537; x_wconf 88' lang='lat' dir='ltr'>et</span> <span class='ocrx_word' id='word_1_226' title='bbox 932 3480 1007 3537; x_wconf 91' lang='lat' dir='ltr'>toto</span> <span class='ocrx_word' id='word_1_227' title='bbox 1042 3495 1104 3539; x_wconf 86' lang='lat' dir='ltr'>suo</span> <span class='ocrx_word' id='word_1_228' title='bbox 1139 3476 1281 3541; x_wconf 92' lang='lat' dir='ltr'>concilio</span> 
     </span>
     <span class='ocr_line' id='line_1_31' title="bbox 172 3577 1281 3664; baseline 0.005 -24"><span class='ocrx_word' id='word_1_229' title='bbox 172 3577 374 3662; x_wconf 87' lang='lat' dir='ltr'>provinciali</span> <span class='ocrx_word' id='word_1_230' title='bbox 399 3579 433 3642; x_wconf 94' lang='lat' dir='ltr'>in</span> <span class='ocrx_word' id='word_1_231' title='bbox 462 3578 555 3641; x_wconf 90' lang='lat' dir='ltr'>dicto</span> <span class='ocrx_word' id='word_1_232' title='bbox 583 3578 735 3661; x_wconf 89' lang='lat' dir='ltr'>capitulo</span> <span class='ocrx_word' id='word_1_233' title='bbox 763 3578 807 3641; x_wconf 86' lang='lat' dir='ltr'>ad</span> <span class='ocrx_word' id='word_1_234' title='bbox 836 3578 1046 3642; x_wconf 88' lang='lat' dir='ltr'>audiendum</span> <span class='ocrx_word' id='word_1_235' title='bbox 1078 3581 1281 3664; x_wconf 86' lang='lat' dir='ltr'>pronuncia·</span> 
     </span>
     <span class='ocr_line' id='line_1_32' title="bbox 173 3681 1281 3766; baseline 0.005 -21"><span class='ocrx_word' id='word_1_236' title='bbox 173 3681 302 3746; x_wconf 93' lang='lat' dir='ltr'>tionem</span> <span class='ocrx_word' id='word_1_237' title='bbox 325 3682 473 3754; x_wconf 86' lang='lat' dir='ltr'>finalem,</span> <span class='ocrx_word' id='word_1_238' title='bbox 488 3683 514 3745; x_wconf 93' lang='lat' dir='ltr'>si</span> <span class='ocrx_word' id='word_1_239' title='bbox 536 3682 676 3766; x_wconf 91' lang='lat' dir='ltr'>liqueat,</span> <span class='ocrx_word' id='word_1_240' title='bbox 694 3683 728 3746; x_wconf 96' lang='lat' dir='ltr'>in</span> <span class='ocrx_word' id='word_1_241' title='bbox 746 3683 882 3766; x_wconf 90' lang='lat' dir='ltr'>negotio</span> <span class='ocrx_word' id='word_1_242' title='bbox 899 3690 1090 3749; x_wconf 91' lang='lat' dir='ltr'>memorato</span> <span class='ocrx_word' id='word_1_243' title='bbox 1105 3704 1111 3759; x_wconf 88' lang='lat'>;</span> <span class='ocrx_word' id='word_1_244' title='bbox 1145 3685 1281 3751; x_wconf 84' lang='lat' dir='ltr'>eosdem</span> 
     </span>
     <span class='ocr_line' id='line_1_33' title="bbox 173 3786 1282 3875; baseline 0.004 -24"><span class='ocrx_word' id='word_1_245' title='bbox 173 3786 264 3851; x_wconf 91' lang='lat' dir='ltr'>diem</span> <span class='ocrx_word' id='word_1_246' title='bbox 305 3793 340 3851; x_wconf 93' lang='lat' dir='ltr'>et</span> <span class='ocrx_word' id='word_1_247' title='bbox 381 3787 493 3851; x_wconf 91' lang='lat' dir='ltr'>locum</span> <span class='ocrx_word' id='word_1_248' title='bbox 531 3787 709 3870; x_wconf 87' lang='lat' dir='ltr'>praedicto</span> <span class='ocrx_word' id='word_1_249' title='bbox 741 3786 883 3851; x_wconf 89' lang='lat' dir='ltr'>concilio</span> <span class='ocrx_word' id='word_1_250' title='bbox 921 3808 1036 3853; x_wconf 89' lang='lat' dir='ltr'>coram</span> <span class='ocrx_word' id='word_1_251' title='bbox 1075 3790 1149 3874; x_wconf 91' lang='lat' dir='ltr'>ipso</span> <span class='ocrx_word' id='word_1_252' title='bbox 1184 3797 1282 3875; x_wconf 90' lang='lat' dir='ltr'>patre</span> 
     </span>
     <span class='ocr_line' id='line_1_34' title="bbox 173 3890 608 3975; baseline -0.002 -20"><span class='ocrx_word' id='word_1_253' title='bbox 173 3890 381 3974; x_wconf 90' lang='lat' dir='ltr'>judicialiter</span> <span class='ocrx_word' id='word_1_254' title='bbox 393 3891 608 3975; x_wconf 85' lang='lat' dir='ltr'>assignando</span> 
     </span>
    </p>
   </div>
   <div class='ocr_carea' id='block_1_3' title="bbox 173 4044 1281 4289">
    <p class='ocr_par' dir='ltr' id='par_1_3' title="bbox 173 4044 1281 4289">
     <span class='ocr_line' id='line_1_35' title="bbox 189 4044 1281 4160; baseline 0.005 -54"><span class='ocrx_word' id='word_1_255' title='bbox 189 4044 272 4107; x_wconf 81' lang='lat' dir='ltr'>Acta</span> <span class='ocrx_word' id='word_1_256' title='bbox 293 4067 299 4160; x_wconf 59' lang='lat' dir='ltr'>p</span> <span class='ocrx_word' id='word_1_257' title='bbox 411 4045 487 4127; x_wconf 80' lang='lat' dir='ltr'>Quo</span> <span class='ocrx_word' id='word_1_258' title='bbox 513 4044 567 4107; x_wconf 89' lang='lat' dir='ltr'>die</span> <span class='ocrx_word' id='word_1_259' title='bbox 592 4045 730 4108; x_wconf 88' lang='lat' dir='ltr'>Veneris</span> <span class='ocrx_word' id='word_1_260' title='bbox 759 4045 792 4108; x_wconf 94' lang='lat' dir='ltr'>in</span> <span class='ocrx_word' id='word_1_261' title='bbox 820 4045 976 4128; x_wconf 86' lang='lat' dir='ltr'>praelato</span> <span class='ocrx_word' id='word_1_262' title='bbox 1000 4046 1162 4130; x_wconf 90' lang='lat' dir='ltr'>capitul0,</span> <span class='ocrx_word' id='word_1_263' title='bbox 1188 4046 1281 4112; x_wconf 91' lang='lat' dir='ltr'>dicto</span> 
     </span>
     <span class='ocr_line' id='line_1_36' title="bbox 173 4148 1281 4289; baseline 0.005 -78"><span class='ocrx_word' id='word_1_264' title='bbox 173 4148 283 4231; x_wconf 80' lang='lat' dir='ltr'>quarti</span> <span class='ocrx_word' id='word_1_265' title='bbox 292 4184 299 4289; x_wconf 61' lang='grc' dir='ltr'>Ι</span> <span class='ocrx_word' id='word_1_266' title='bbox 323 4149 463 4213; x_wconf 92' lang='lat' dir='ltr'>domino</span> <span class='ocrx_word' id='word_1_267' title='bbox 489 4149 753 4231; x_wconf 87' lang='lat' dir='ltr'>archiepiscopo,</span> <span class='ocrx_word' id='word_1_268' title='bbox 777 4156 809 4212; x_wconf 88' lang='lat' dir='ltr'>et</span> <span class='ocrx_word' id='word_1_269' title='bbox 835 4150 1001 4235; x_wconf 91' lang='lat' dir='ltr'>episcopis</span> <span class='ocrx_word' id='word_1_270' title='bbox 1025 4151 1218 4234; x_wconf 90' lang='lat' dir='ltr'>praedictis,</span> <span class='ocrx_word' id='word_1_271' title='bbox 1241 4174 1281 4216; x_wconf 92' lang='lat' dir='ltr'>ac</span> 
     </span>
    </p>
   </div>
   <div class='ocr_carea' id='block_1_4' title="bbox 175 4251 1283 4548">
    <p class='ocr_par' dir='ltr' id='par_1_4' title="bbox 175 4251 1283 4548">
     <span class='ocr_line' id='line_1_37' title="bbox 189 4251 1280 4338; baseline 0.006 -23"><span class='ocrx_word' id='word_1_272' title='bbox 189 4251 291 4317; x_wconf 62' lang='lat' dir='ltr'>diei„</span> <span class='ocrx_word' id='word_1_273' title='bbox 322 4253 519 4325; x_wconf 88' lang='lat' dir='ltr'>abbatibus,</span> <span class='ocrx_word' id='word_1_274' title='bbox 538 4253 717 4335; x_wconf 88' lang='lat' dir='ltr'>prioribus,</span> <span class='ocrx_word' id='word_1_275' title='bbox 735 4254 943 4330; x_wconf 89' lang='lat' dir='ltr'>doctoribus,</span> <span class='ocrx_word' id='word_1_276' title='bbox 967 4264 1001 4319; x_wconf 91' lang='lat' dir='ltr'>et</span> <span class='ocrx_word' id='word_1_277' title='bbox 1024 4256 1280 4338; x_wconf 88' lang='lat' dir='ltr'>professoribus,</span> 
     </span>
     <span class='ocr_line' id='line_1_38' title="bbox 175 4356 1283 4445; baseline 0.005 -25"><span class='ocrx_word' id='word_1_278' title='bbox 175 4365 208 4420; x_wconf 91' lang='lat' dir='ltr'>et</span> <span class='ocrx_word' id='word_1_279' title='bbox 233 4358 307 4420; x_wconf 92' lang='lat' dir='ltr'>aliis</span> <span class='ocrx_word' id='word_1_280' title='bbox 331 4359 364 4420; x_wconf 92' lang='lat' dir='ltr'>in</span> <span class='ocrx_word' id='word_1_281' title='bbox 390 4356 612 4420; x_wconf 90' lang='lat' dir='ltr'>multitudine</span> <span class='ocrx_word' id='word_1_282' title='bbox 632 4358 769 4440; x_wconf 89' lang='lat' dir='ltr'>copiosa</span> <span class='ocrx_word' id='word_1_283' title='bbox 789 4360 1162 4443; x_wconf 76' lang='lat' dir='ltr'>existentibus—Quia</span> <span class='ocrx_word' id='word_1_284' title='bbox 1182 4381 1283 4445; x_wconf 92' lang='lat' dir='ltr'>super</span> 
     </span>
     <span class='ocr_line' id='line_1_39' title="bbox 175 4461 1281 4548; baseline 0.004 -22"><span class='ocrx_word' id='word_1_285' title='bbox 175 4461 268 4526; x_wconf 92' lang='lat' dir='ltr'>dicto</span> <span class='ocrx_word' id='word_1_286' title='bbox 278 4462 416 4548; x_wconf 87' lang='lat' dir='ltr'>negotio</span> <span class='ocrx_word' id='word_1_287' title='bbox 427 4461 697 4544; x_wconf 87' lang='lat' dir='ltr'>Templariorum</span> <span class='ocrx_word' id='word_1_288' title='bbox 709 4462 753 4525; x_wconf 92' lang='lat' dir='ltr'>ad</span> <span class='ocrx_word' id='word_1_289' title='bbox 766 4463 905 4546; x_wconf 89' lang='lat' dir='ltr'>plenum</span> <span class='ocrx_word' id='word_1_290' title='bbox 917 4485 985 4529; x_wconf 93' lang='lat' dir='ltr'>non</span> <span class='ocrx_word' id='word_1_291' title='bbox 998 4464 1281 4540; x_wconf 86' lang='lat' dir='ltr'>deliberaverant,</span> 
     </span>
    </p>
   </div>
   <div class='ocr_carea' id='block_1_5' title="bbox 0 0 1464 5010">
    <p class='ocr_par' dir='ltr' id='par_1_5' title="bbox 0 0 1464 5010">
     <span class='ocr_line' id='line_1_40' title="bbox 0 0 1464 5010; baseline 0 0"><span class='ocrx_word' id='word_1_292' title='bbox 0 0 1464 5010; x_wconf 95' lang='lat' dir='ltr'> </span> 
     </span>
    </p>
   </div>
  </div>
 </body>
</html>
