2962 5002
183 344 246 441 184
572 356 745 435 Recoans
769 378 814 429 or
837 381 910 431 ras

183 548 277 626 lium,
296 552 559 640 libertatemque
576 556 841 623 ecclesiasticam
861 556 1059 622 labefactet.
1097 553 1171 619 Nos
1190 553 1286 638 igitur

185 658 257 718 tam
290 656 486 739 hujusmodi
520 660 754 726 moliminibus
785 660 985 746 insidiisque
1017 658 1157 733 diaboli,
1190 674 1289 742 quam

185 759 359 825 maleficiis
382 763 561 829 hominum
583 766 721 829 obstare
744 768 849 847 atque
871 760 1012 826 obviare
1035 757 1215 833 volentes;
1250 753 1291 821 ad

187 864 349 931 muninen
376 867 454 932 fidei
474 876 508 932 et
528 875 753 954 augmentum
770 864 925 950 ejusdem
949 862 1293 946 reformationemque

187 987 332 1045 morum,
373 991 413 1035 ac
456 971 689 1037 defensionem
735 969 983 1035 ecclesiasticae
1027 966 1209 1041 libertatis,
1251 962 1292 1029 de

185 1090 352 1139 consensu
398 1081 433 1140 et
479 1096 618 1141 assensu
664 1076 959 1159 suffraganeomm
1004 1077 1213 1146 nostrorum,
1258 1088 1296 1135 ac

185 1177 417 1258 praelatorum
434 1186 468 1244 et
485 1181 563 1245 cleri
580 1188 718 1247 nostrae
730 1178 938 1264 provinciae,
952 1178 1015 1242 has
1030 1175 1296 1241 constitutiones

186 1278 257 1343 fieri
289 1281 441 1359 fecimus,
474 1306 560 1370 quas
592 1284 859 1370 promulgamus,
892 1302 933 1346 ac
964 1281 1039 1346 aliis
1069 1280 1165 1364 prius
1197 1278 1296 1345 editis

187 1384 449 1467 superaddimus
483 1395 518 1452 et
552 1390 643 1454 inter
676 1389 743 1453 alia
777 1392 914 1452 statuta
945 1384 1170 1470 provincialia
1198 1382 1297 1448 scribi

188 1494 223 1551 et
261 1489 480 1575 incorporari,
510 1515 550 1558 ac
582 1494 627 1557 ab
661 1493 821 1557 omnibus
847 1490 996 1556 subditis
1023 1496 1162 1555 nostrae
1194 1488 1297 1553 Ebor.

188 1594 383 1676 provinciae
402 1597 545 1662 firmiter
563 1598 723 1664 volumus
742 1596 928 1661 observari.

278 1723 477 1807 Ignorantia
520 1727 738 1792 sacerdotum
782 1725 969 1810 plurimum
1013 1723 1222 1809 praecipitat
1266 1722 1299 1786 in

189 1827 325 1893 foveam
353 1833 483 1907 erroris,
512 1839 546 1896 et
574 1831 772 1896 clericorum
803 1829 955 1895 stultitia
981 1828 1036 1892 vel
1068 1827 1213 1903 ruditas,
1241 1825 1299 1912 qui

189 1931 392 1999 diffinitione
419 1936 583 2001 canonica
616 1935 703 1999 filios
733 1933 887 1998 fidelium
919 1934 1087 1997 instruere
1121 1931 1299 2014 jubentur,

187 2038 296 2123 magis
327 2040 514 2125 aliquando
544 2041 589 2105 ad
620 2059 767 2104 errorem
795 2037 930 2122 proficit
957 2056 1066 2121 quam
1094 2034 1299 2109 doctrinam,

189 2142 337 2226 Quidam
373 2146 464 2210 enirn
499 2147 642 2210 caeteris
678 2142 917 2228 praedicantes
952 2162 1021 2205 non
1056 2159 1192 2224 semper
1226 2139 1302 2204 loca

187 2247 343 2324 visitant,
366 2269 454 2333 quae
481 2251 589 2335 magis
613 2254 775 2314 constant
802 2246 959 2310 veritatis
983 2244 1112 2309 lumine
1137 2242 1299 2329 indigere,

189 2354 340 2416 testante
358 2353 537 2437 propheta,
558 2354 578 2378 “
594 2353 683 2438 Quia
695 2350 831 2437 parvuli
845 2350 1018 2435 petierunt
1032 2369 1168 2435 panem,
1183 2354 1218 2413 et
1231 2369 1300 2413 non

189 2461 273 2529 erat,
303 2456 362 2540 qui
391 2456 597 2541 irangeret,''
627 2462 662 2520 et
691 2455 757 2520 alio
785 2454 957 2518 clamante
987 2453 1111 2537 “Quia
1141 2454 1237 2538 egeni
1266 2459 1302 2517 et

189 2577 356 2641 pauperes
376 2567 547 2643 quaerunt
576 2581 694 2644 aquas,
718 2560 833 2643 lingua
861 2578 979 2623 eorum
1007 2558 1064 2622 siti
1090 2558 1181 2622 aruit
1197 2558 1240 2633 '';
1266 2558 1301 2622 in

187 2682 334 2745 quorum
353 2662 541 2728 remedium
561 2663 795 2729 discriminum
814 2663 1001 2727 statuendo
1021 2662 1241 2746 precipimus
1263 2668 1301 2726 ut

189 2766 334 2848 quilibet
360 2767 517 2832 sacerdos
543 2768 634 2853 plebi
661 2767 857 2852 praesidens
884 2774 1008 2851 quater
1034 2766 1068 2830 in
1101 2784 1204 2840 ann0,
1238 2764 1302 2829 hoc

189 2876 251 2945 est,
277 2872 380 2935 semel
404 2872 439 2936 in
463 2873 617 2957 quolibet
644 2871 819 2958 quarterio
851 2871 943 2944 anni,
974 2869 1028 2934 die
1058 2890 1127 2934 una
1157 2869 1301 2933 solemni

192 2973 244 3037 vel
282 2975 447 3059 pluribus,
486 2998 546 3060 per
581 2998 616 3042 se
654 2979 708 3042 vel
745 2997 804 3062 per
841 2976 946 3040 alium
983 2981 1135 3060 exponat
1173 2975 1303 3058 populo

190 3079 392 3164 vulgariter,
403 3083 533 3166 absque
544 3082 727 3166 cujuslibet
738 3081 941 3146 subtilitatis
952 3086 1092 3145 textura
1103 3080 1301 3155 fantastica,

191 3187 453 3269 quatuordecim
477 3186 555 3250 fidei
580 3187 764 3261 articulos;
789 3186 907 3250 decem
932 3184 1100 3248 mandata
1124 3183 1301 3269 decalogi;

191 3289 260 3354 duo
299 3297 482 3375 praecepta
520 3290 697 3376 evangelii,
737 3289 864 3354 scilicet
903 3289 1059 3373 geminae
1097 3288 1301 3364 charitatis;

190 3401 322 3479 septem
354 3415 458 3479 opera
488 3394 760 3470 misericordiae;
797 3400 930 3478 septem
961 3402 1104 3477 peccata
1134 3393 1303 3478 capitalia

190 3517 269 3562 cum
310 3518 373 3562 sua
414 3497 595 3583 progenie;
620 3504 753 3581 septem
795 3498 942 3563 virtutes
983 3499 1212 3584 principales;
1263 3519 1304 3563 ac

191 3607 323 3687 septem
343 3603 474 3686 gratiae
494 3608 719 3666 sacramenta.
768 3602 814 3666 Et
836 3624 877 3667 ne
898 3603 974 3687 quis
996 3624 1016 3667 a
1037 3602 1222 3687 praedictis
1243 3623 1305 3687 per

192 3706 421 3791 ignorantiam
434 3726 468 3769 se
481 3713 631 3779 excuset,
645 3727 744 3789 quae,
759 3728 837 3772 cum
851 3728 968 3771 onmes
981 3707 1128 3772 ministri
1141 3706 1304 3771 ecclesiae

191 3810 275 3874 seire
313 3816 484 3885 tenentur,
522 3829 562 3873 ea
598 3810 857 3895 perstringimus
893 3812 1081 3877 summaria
1118 3811 1300 3875 brevitate.

193 3913 376 3978 Sciendum
396 3920 448 3976 est
469 3912 572 3997 igitur
591 3918 723 3998 septem
744 3914 821 3979 fidei
843 3916 1006 3981 articulos
1027 3917 1238 3999 pertinentes
1257 3915 1304 3980 ad

194 4016 396 4099 mysterium
432 4015 611 4079 Trinitatis
626 4036 633 4091 ;
680 4037 827 4101 quorum
862 4027 1014 4103 quatuor
1049 4019 1222 4103 pertinent
1258 4018 1303 4083 ad

194 4121 387 4187 divinitatis
409 4120 602 4195 intrinseca,
625 4127 693 4184 tres
715 4141 795 4186 vero
816 4123 861 4187 ad
882 4124 1034 4188 eftectus,
1093 4124 1227 4188 Primus
1251 4129 1302 4187 est

194 4227 309 4291 unitas
329 4225 467 4290 divinae
488 4224 654 4288 essentiae
676 4224 710 4289 in
732 4227 836 4291 trium
858 4247 1081 4313 personarum
1103 4226 1303 4291 indivisibili

193 4331 372 4406 Trinitate‚
388 4328 490 4413 juxta
506 4328 589 4392 illud
606 4328 625 4353 “
642 4328 750 4394 Credo
765 4330 799 4394 in
816 4351 923 4395 unum
940 4329 1087 4395 Deum.''
1125 4330 1303 4396 Secundus

191 4443 254 4513 est,
277 4435 412 4500 credere
436 4433 574 4498 Patrem
598 4433 788 4519 ingenitum
811 4455 882 4499 esse
906 4434 1028 4499 Deum.
1077 4433 1212 4499 Tertius
1234 4440 1298 4511 est,
