2918 5010
211 371 231 434 8
590 370 762 436 Reconns
793 388 838 435 or
865 385 937 434 rurs

209 561 329 626 Martis
347 562 509 646 quintum
530 562 595 626 vizt
617 561 708 627 diem
728 562 855 628 mensis
878 561 959 627 Maii
982 561 1136 647 proxime
1158 561 1315 626 futurum

208 665 263 730 vel
287 666 392 732 alium
417 667 507 732 diem
532 667 628 742 citra,
654 667 681 731 si
706 687 793 752 opus
817 667 932 744 fuerit,
958 666 1034 732 istis
1057 666 1149 731 horis
1173 673 1208 730 et
1232 665 1319 741 loco,

208 771 407 836 reservavit.
480 770 622 836 Necnon
673 771 966 838 convocationem
1016 771 1089 836 sive
1141 770 1318 854 Synodum

209 874 454 959 provincialem
473 876 667 960 proximam
686 897 794 962 usque
813 876 857 942 ad
876 882 911 941 et
929 876 965 941 in
983 875 1130 941 eundem
1149 874 1240 939 diem
1259 894 1316 938 seu

209 978 359 1063 aliquem
396 979 487 1045 diem
523 980 620 1056 citra,
656 981 683 1044 si
718 986 888 1066 oporteat,
921 980 995 1044 istis
1031 978 1123 1043 horis
1159 984 1194 1040 ct
1231 977 1316 1050 loco,

209 1083 428 1149 continuavit
447 1090 482 1149 et
501 1085 709 1171 prorogavit.
758 1085 805 1149 Et
823 1084 958 1149 monuit
976 1101 1094 1147 omnes
1113 1085 1148 1144 et
1167 1080 1316 1164 singulos

208 1207 300 1252 nunc
346 1187 586 1253 interessentes
631 1188 745 1253 adhuc
790 1207 906 1252 rursus
950 1183 1230 1269 comparendum,
1271 1183 1316 1247 ad

208 1290 351 1354 ulterius
369 1290 623 1375 procedendum
642 1291 677 1355 in
694 1291 787 1355 dicta
802 1289 1057 1355 Convocntione
1073 1288 1145 1352 sive
1162 1285 1314 1370 Synodo,

208 1401 310 1478 prout
346 1400 471 1459 natura
506 1401 541 1460 et
575 1395 726 1480 qualitas
761 1393 915 1478 ejusdem
951 1392 993 1458 de
1029 1412 1064 1457 se
1100 1391 1243 1476 exigunt
1280 1398 1315 1454 et

209 1496 400 1582 requirunt,
435 1503 537 1582 prout
572 1503 669 1582 patet
704 1518 746 1562 ex
780 1503 897 1563 tenore
931 1496 1112 1562 schedulae
1147 1494 1225 1560 inde
1259 1515 1319 1578 per

208 1599 387 1666 dominum
407 1601 743 1668 Reverendissimum
760 1608 895 1687 patrem
912 1601 1031 1667 lectae.

330 1765 407 1829 This
436 1766 665 1839 Convocation,
695 1768 795 1848 April,
819 1766 908 1845 1640,
931 1765 1095 1829 coincided
1117 1764 1195 1826 with
1219 1763 1317 1823 “The

251 1863 347 1925 Short
383 1863 611 1934 Parliament‚”
648 1865 838 1926 summoned
873 1864 906 1924 in
942 1880 1158 1941 consequence
1193 1860 1227 1920 oi
1263 1860 1317 1919 the

251 1967 383 2040 rupture
418 1960 562 2022 between
599 1960 747 2040 England
783 1959 848 2021 and
882 1958 1045 2028 Scotland‚
1083 1977 1123 2019 an
1159 1954 1316 2017 outbreak

250 2056 366 2118 known
389 2077 424 2118 as
447 2059 534 2119 “the
555 2056 625 2118 first
647 2057 793 2137 Bishops'
818 2055 927 2118 War.”
