2918 5010
433 378 638 444 Nonrrrsnu
663 379 933 445 Convocnrron.
1177 393 1238 461 159

128 571 194 635 diei
216 571 336 636 Martis
355 572 509 655 proxime
528 572 714 656 sequentis
734 571 809 635 loco
831 571 1018 655 praedicto
1042 579 1080 636 ut
1104 571 1242 636 interim

128 697 230 760 super
254 677 448 760 praemissis
475 677 594 741 melius
620 677 772 760 poterint
798 676 984 740 deliberare
1009 677 1238 741 continuavit.

129 779 205 864 Qua
232 781 316 844 hora
343 788 469 845 octava
496 782 562 845 diei
592 781 712 845 Martis
739 781 894 865 proxime
922 781 1138 855 adveniente,
1166 782 1241 845 loco

129 884 316 967 praedict0,
359 885 635 968 praesidentibus
675 885 812 960 iterum,
856 890 894 949 ut
936 905 1051 969 supra,
1094 885 1242 950 dominis

129 989 370 1053 commissariis
391 989 608 1073 supradictis,
632 989 912 1073 comparentibus
934 989 1050 1063 etiam,
1074 998 1112 1054 ut
1136 990 1240 1073 priuS,

129 1093 291 1177 praelatis
309 1099 343 1157 et
362 1094 462 1168 cler0,
483 1115 561 1158 curn
581 1115 643 1157 suo
662 1094 891 1158 referendario
910 1093 1104 1168 antedictis,
1125 1115 1240 1178 super·

128 1205 297 1263 venerunt
320 1205 526 1283 praepotens
547 1205 582 1262 et
605 1198 727 1262 nobilis
750 1198 910 1262 dominus
932 1198 1092 1262 dominus
1123 1218 1237 1262 comes

130 1302 408 1376 Northumbriae,
428 1310 462 1367 et
480 1311 639 1367 strenuus
657 1305 719 1378 vir,
738 1303 898 1367 dominus
918 1302 1085 1367 Ricardus
1104 1301 1239 1387 Nevyll,

130 1408 265 1481 milites,
283 1429 342 1492 per
357 1408 536 1472 dominum
553 1416 710 1472 nostrum
734 1427 846 1491 regem
871 1413 905 1470 et
928 1428 1028 1471 suum
1049 1408 1239 1484 consilium,

130 1519 169 1577 ut
191 1521 419 1586 asseruerunt,
444 1514 522 1578 illuc
539 1512 723 1584 destinati;
748 1512 807 1595 qui
830 1532 946 1576 coram
967 1512 1241 1595 praesidentibus

130 1624 164 1680 et
199 1623 274 1680 tota
308 1617 555 1680 convocatione
589 1616 716 1680 ibidem
749 1625 967 1702 congregata,
1002 1619 1240 1682 imminentem

131 1722 370 1786 necessitatem
397 1722 603 1786 defensionis
629 1742 809 1804 regnorum
835 1722 978 1807 Angliae
1004 1729 1038 1787 et
1065 1723 1240 1798 Franciae,

131 1846 170 1890 ac
187 1826 270 1890 alias
287 1847 407 1891 causas
424 1827 593 1891 notabiles
610 1832 742 1890 statum
760 1827 846 1910 regis
862 1827 969 1890 nostri
986 1835 1239 1903 concernentes,

131 1931 297 1995 allectivis
325 1931 445 1995 mediis
472 1931 599 1995 ibidem
627 1936 869 2013 exposuerunt.
919 1931 964 1994 Et
991 1931 1044 1994 his
1070 1932 1175 2016 gestis
1201 1952 1241 1996 ac

130 2036 295 2119 praefatis
315 2036 462 2100 dominis
481 2042 579 2100 extra
599 2035 741 2099 domum
760 2034 985 2117 capitularem
1006 2034 1239 2111 redeuntibus,

130 2140 289 2206 dominus
320 2140 558 2204 Dunelmensis
587 2139 778 2211 mandavit,
821 2146 859 2202 ut
889 2138 1034 2221 praelati
1063 2146 1098 2203 et
1127 2140 1237 2205 clerus

130 2266 208 2309 cum
238 2266 301 2309 suo
331 2244 559 2308 referendario
588 2244 727 2307 seorsim
758 2264 792 2307 se
822 2243 1044 2318 diverterent,
1075 2250 1110 2308 et
1140 2265 1242 2328 super

130 2349 182 2413 his
211 2349 338 2412 ibidem
368 2369 428 2432 per
457 2348 631 2432 praefatos
659 2348 817 2411 dominos
845 2348 929 2412 satis
958 2349 1047 2412 clare
1076 2349 1241 2432 expositis

130 2454 357 2518 effectualiter
393 2454 696 2517 communicarent.
745 2453 877 2536 Quibus
910 2453 1123 2537 aliquamdiu
1152 2453 1241 2518 inter

130 2578 187 2622 eos
223 2558 496 2631 communicatis,
536 2578 575 2621 ac
613 2558 694 2641 ipsis
732 2557 776 2621 ad
813 2558 970 2622 dominos
1008 2557 1241 2642 praesidentes

130 2663 362 2735 redeuntibus,
400 2662 576 2746 praefatus
612 2662 869 2745 referendarius,
907 2664 1000 2728 facta
1035 2663 1129 2746 prius
1164 2682 1240 2746 pro·

131 2768 316 2831 testatione
337 2775 512 2841 consueta,
536 2787 696 2851 magnam
719 2773 971 2850 paupertatem,
993 2772 1027 2831 et
1050 2767 1116 2831 alia
1138 2787 1241 2831 onera

130 2871 363 2954 importabilia
383 2872 450 2934 isto
471 2879 625 2954 tempore
646 2871 722 2954 plus
742 2870 844 2933 solito
865 2871 1058 2956 ingruentia
1079 2871 1239 2955 allegans

129 2996 207 3039 cum
235 2996 285 3051 ea,
313 2997 382 3060 qua
409 2976 535 3047 decuit,
564 2975 766 3047 reverentia,
797 2974 927 3039 dictam
955 2976 1240 3039 convocationem

130 3080 241 3163 petiit,
262 3086 300 3143 ut
321 3081 414 3152 alias,
435 3079 702 3142 dissolvendam.

218 3210 326 3292 Super
350 3230 419 3293 qua
446 3209 613 3292 petitione
639 3209 799 3272 dominus
826 3208 1064 3272 Dunelmensis
1090 3210 1178 3273 dixit
1205 3229 1240 3273 se

128 3314 215 3377 velle
235 3334 313 3377 cum
334 3334 396 3377 suo
416 3313 716 3377 concommissario
736 3318 770 3376 et
792 3312 866 3376 aliis
886 3313 928 3376 de
949 3312 1089 3377 consilio
1109 3313 1239 3378 domini

130 3418 354 3482 Eboracensis
382 3418 636 3502 Archiepiscopi
665 3417 928 3482 communicare.
978 3416 1109 3480 Habita
1137 3418 1241 3503 igitur

129 3523 440 3586 communicatione
465 3522 553 3585 inter
576 3521 713 3586 eosdem
737 3542 839 3606 super
861 3521 1028 3605 petitione
1051 3522 1238 3605 praedicta,

129 3626 387 3690 dissolutionem
441 3625 639 3707 hujusmodi
692 3625 950 3690 convocationis
1002 3626 1050 3689 eis
1101 3626 1239 3709 penitus

129 3730 323 3814 denegavit,
349 3738 469 3814 petens
493 3750 611 3794 eorum
636 3750 836 3814 responsum
861 3730 895 3793 in
920 3729 1092 3804 articulos,
1118 3751 1239 3794 causas

129 3835 223 3918 prius
241 3854 300 3917 per
317 3855 373 3897 eos
392 3835 548 3919 alligatas
567 3834 600 3898 in
619 3855 654 3898 se
671 3835 897 3908 continentes,
917 3834 950 3897 in
969 3834 1104 3916 scriptis
1122 3835 1238 3920 redigi,

128 3945 162 4002 et
179 3939 320 4002 domino
343 3940 599 4023 archiepiscopo
623 3939 725 4002 Ebor.
748 3937 911 4001 destinari
935 3957 996 4020 pro
1018 3939 1239 4003 excusatione

128 4066 200 4117 sua,
229 4064 268 4107 ac
295 4045 448 4106 omnium
477 4043 621 4107 aliorum
648 4044 682 4106 in
712 4044 775 4105 hac
802 4041 1050 4105 convocatione
1077 4042 1239 4105 interesse

129 4149 330 4213 habentium
370 4169 472 4232 penes
511 4148 690 4212 dominum
729 4152 885 4210 nostrum
925 4143 1053 4229 Regem
1092 4150 1126 4208 et
1165 4144 1239 4227 ejus

127 4255 316 4318 consilium.
365 4253 441 4336 Quo
459 4253 561 4327 facto,
577 4253 736 4316 dominus
751 4249 999 4323 Dunelmensis,
1015 4256 1053 4313 ut
1067 4249 1187 4313 melius
1203 4257 1237 4313 et

129 4358 297 4422 maturius
321 4378 423 4440 super
446 4357 640 4440 praemissis
664 4356 877 4427 deliberaret,
903 4352 1047 4417 eandem
1071 4373 1238 4417 convoca·

130 4462 257 4525 tionem
277 4461 447 4547 usquead
467 4462 586 4525 horam
605 4467 767 4524 octavam
787 4466 867 4523 ante
886 4479 1013 4523 nonam
1032 4459 1098 4524 diei
1119 4459 1238 4522 Martis
