2962 5002
223 408 265 474 74
610 390 784 458 Reconos
815 408 860 456 or
887 407 959 455 rna

219 604 260 646 ac
298 583 442 666 praelati
482 592 515 648 et
557 636 563 648 .
606 635 611 647 .
654 635 660 646 .
700 583 816 648 Clerus
854 583 1100 647 Cantuarensis
1139 583 1336 666 provinciae

221 688 417 771 praemissis
445 687 479 752 in
507 688 618 772 gratia
646 688 979 752 considerationibus
1007 688 1163 752 examine
1192 687 1337 771 ponder-

221 798 330 867 antes,
368 793 466 856 nobis
503 793 536 856 in
571 792 837 856 subventionem
872 812 1101 875 expensarum
1138 791 1339 874 hujusmodi

221 917 325 960 unam
367 896 536 961 decimam
577 897 619 960 de
660 897 765 960 bonis
799 897 869 961 suis
909 896 1147 960 ecclesiasticis
1187 896 1260 979 jam
1302 896 1336 961 in

221 1001 450 1084 parliamento
481 1008 600 1065 nostro
638 1001 732 1084 apud
771 1000 1116 1064 westmonasterium
1154 1001 1340 1065 liberaliter

219 1113 460 1170 concesserunt
512 1114 546 1167 et
607 1112 809 1190 gratanter;
868 1107 1011 1169 Vestrae
1078 1105 1340 1170 benevolentiae·

220 1209 408 1293 puritatem
439 1211 482 1274 de
513 1231 581 1294 qua
613 1210 712 1292 plene
742 1209 957 1284 confidimus,
992 1230 1152 1294 rogamus
1186 1216 1332 1284 attente,

221 1313 320 1377 vobis
356 1313 577 1378 nihilominus
612 1314 646 1377 in
684 1313 749 1377 tide
785 1321 819 1376 et
856 1313 1037 1377 dilectione
1073 1314 1200 1397 quibus
1236 1314 1336 1378 nobis

223 1417 385 1481 tenemini
409 1417 552 1480 tirmiter
576 1417 804 1501 injungentes
830 1426 1002 1501 quatenns
1022 1438 1101 1482 cum
1122 1418 1176 1481 hic
1197 1418 1336 1502 publica

221 1528 377 1586 versetur
387 1521 531 1588 utilitas,
544 1528 579 1585 et
592 1541 715 1606 urgens
728 1522 911 1585 necessitas
925 1522 959 1586 id
970 1530 1145 1606 exposcat,
1161 1523 1335 1606 praelatos

222 1633 256 1690 et
280 1626 408 1690 clerum
432 1633 625 1689 vestrarum
649 1625 811 1689 dioecesis
835 1633 869 1688 et
894 1626 1090 1709 provinciae
1114 1626 1158 1690 ad
1185 1626 1336 1710 aliquem

221 1739 353 1795 certum
378 1730 469 1794 diem
493 1729 579 1793 citra
604 1730 730 1793 testum
756 1729 975 1794 Pentecostes
1000 1731 1154 1813 proxime
1179 1731 1335 1795 futurum

221 1835 314 1919 apud
335 1834 488 1899 Eborum
508 1834 692 1897 convocari
714 1834 841 1898 facias:
869 1833 918 1896 ita
937 1833 1032 1917 quod
1053 1841 1124 1898 tam
1145 1855 1207 1898 vos
1226 1856 1334 1919 quam

220 1940 304 2004 dicti
324 1939 469 2023 praelati
488 1938 608 2002 decani
629 1945 663 2002 et
684 1939 812 2020 priores
831 1937 1049 2003 ecclesiarum
1069 1939 1332 2009 cathedralium.

221 2043 451 2109 archidiaconi
463 2063 502 2106 ac
514 2042 657 2127 religiosi
669 2062 756 2126 quos
766 2041 926 2125 expedire
933 2041 1089 2106 videritis
1099 2042 1334 2125 personaliter,

222 2156 257 2213 et
279 2149 389 2212 clerus
411 2167 472 2230 per
493 2154 730 2229 procuratores
752 2145 892 2210 idoneos
914 2147 1041 2210 ibidem
1065 2153 1147 2211 ωηο
1170 2147 1336 2210 intersitis

222 2260 257 2317 et
275 2252 434 2317 intersint
454 2251 498 2314 ad
518 2251 739 2314 tractandum
756 2257 791 2314 et
806 2251 1091 2315 consentiendum
1104 2271 1207 2334 snper
1219 2251 1336 2336 aliquo

222 2357 375 2422 subsidio
395 2355 618 2438 competenti,
641 2354 739 2418 nobis
760 2354 802 2418 de
823 2355 922 2418 bonis
943 2354 1178 2418 ecclesiasticis
1199 2362 1335 2420 vestrae

223 2460 419 2547 provinciae
467 2458 696 2532 concedendo,
746 2457 851 2542 quod,
900 2459 1116 2522 considerata
1164 2459 1335 2542 qualitate

223 2565 498 2650 praemissorum,
537 2563 636 2626 nobis
673 2563 796 2626 merito
834 2563 904 2626 lore
941 2563 1065 2627 debeat
1102 2571 1252 2647 gratum,
1291 2565 1336 2628 ad

223 2690 326 2755 quem
347 2668 437 2732 diem
458 2666 591 2749 aliquos
611 2666 653 2729 de
674 2667 800 2730 nostris
821 2666 899 2730 illuc
920 2668 1143 2751 proponimus
1163 2667 1336 2732 destinare

224 2775 268 2839 ad
298 2770 539 2856 exponendum
570 2771 668 2834 vobis
699 2770 831 2854 plenius
861 2779 1015 2835 nostram
1046 2771 1271 2855 indigentiam
1301 2772 1336 2836 in

224 2881 288 2944 hac
308 2883 416 2962 parte.
464 2874 531 2938 Sed
550 2875 577 2937 si
598 2874 712 2938 forsan
732 2875 815 2938 dicti
835 2875 997 2938 mittendi
1018 2881 1100 2939 tunc
1120 2874 1246 2939 ibidem
1267 2897 1336 2940 non

224 2983 392 3053 venerint,
431 2979 574 3043 ulterius
612 2979 764 3061 ipsorum
804 2980 994 3043 adventurn
1033 2978 1230 3043 nullatenus
1276 3000 1334 3043 ex-

224 3086 378 3173 pectetis,
392 3083 451 3147 sed
464 3084 508 3147 ad
522 3088 710 3146 tractatum
731 3083 928 3165 hujusmodi
951 3089 1034 3146 tunc
1053 3083 1163 3147 modis
1176 3085 1337 3148 omnibus

223 3190 427 3279 procedatis,
447 3195 481 3251 et
500 3188 542 3251 de
561 3187 712 3270 eoquod
731 3187 830 3250 nobis
850 3187 883 3250 in
903 3188 967 3250 hac
985 3195 1083 3269 parte
1101 3189 1336 3252 concesseritis

225 3318 287 3363 nos
299 3293 451 3360 reddatis
463 3313 533 3375 quo
552 3292 654 3354 citius
671 3291 829 3373 poteritis
846 3292 1007 3354 certiores
1024 3310 1029 3362 ;
1052 3291 1108 3354 ·ln
1129 3292 1335 3373 praemissis,

222 3403 311 3466 sicut
345 3399 388 3463 de
421 3397 520 3460 vobis
552 3394 765 3468 confidimus,
801 3416 840 3458 ac
874 3394 1079 3478 reipublicae
1113 3396 1335 3461 commodum

223 3502 405 3575 affectatis
433 3499 549 3562 taliter
574 3519 635 3562 vos
660 3499 827 3561 habentes
852 3499 944 3581 quod
971 3509 1122 3562 vestram
1147 3498 1335 3564 debeamus

223 3605 470 3694 gratitudinem
501 3601 751 3676 commendare,
785 3609 819 3664 et
851 3623 928 3666 eam
960 3603 994 3666 in
1033 3602 1173 3686 agendis
1212 3605 1335 3667 vestris

224 3708 507 3778 retributionibus
544 3707 703 3788 prosequi
751 3706 919 3789 gratiosis.
967 3705 1067 3769 Teste
1117 3726 1192 3790 rege
1240 3708 1335 3790 apud

223 3811 567 3879 Westmonasterium
593 3810 725 3873 decimo
746 3817 845 3873 sexto
877 3809 931 3872 die
965 3809 1078 3872 Martii
1111 3830 1202 3873 anno
1235 3813 1328 3895 regni

223 3918 330 3985 nostri
350 3914 512 3979 secundo,

346 4111 420 4152 xxx.
464 4093 491 4148 A
508 4090 726 4149 (Zonvocation
746 4110 809 4148 was
828 4090 899 4149 held
917 4099 951 4149 at
973 4089 1069 4152 York.
1087 4108 1126 4147 on
1147 4090 1200 4148 the
1220 4090 1333 4167 King's

264 4192 355 4258 Writ,
393 4185 536 4246 followed
572 4186 615 4263 by
651 4186 705 4244 the
740 4185 967 4263 Arclrbishop's
1003 4184 1163 4247 llandate.
1200 4204 1240 4243 on
1278 4185 1332 4245 the

264 4285 405 4361 Monday
419 4290 495 4341 next
510 4281 617 4340 belore
633 4281 686 4339 the
703 4281 796 4339 Feast
810 4280 844 4339 ol
858 4281 911 4340 SS.
926 4280 1091 4339 Tiburtius
1105 4280 1169 4338 and
1185 4280 1331 4341 Valerian

264 4384 355 4463 (14th
372 4377 472 4458 April,
494 4383 596 4453 1332).
