<?xml version="1.0" encoding="UTF-8"?>
<!DOCTYPE html PUBLIC "-//W3C//DTD XHTML 1.0 Transitional//EN"
    "http://www.w3.org/TR/xhtml1/DTD/xhtml1-transitional.dtd">
<html xmlns="http://www.w3.org/1999/xhtml" xml:lang="en" lang="en">
 <head>
  <title>
</title>
<meta http-equiv="Content-Type" content="text/html;charset=utf-8" />
  <meta name='ocr-system' content='tesseract 3.04.00' />
  <meta name='ocr-capabilities' content='ocr_page ocr_carea ocr_par ocr_line ocrx_word'/>
</head>
<body>
  <div class='ocr_page' id='page_1' title='image "./recordsnorthern00convgoog_0173.png"; bbox 0 0 2918 5010; ppageno 0'>
   <div class='ocr_carea' id='block_1_1' title="bbox 187 340 921 419">
    <p class='ocr_par' dir='ltr' id='par_1_1' title="bbox 187 340 921 419">
     <span class='ocr_line' id='line_1_1' title="bbox 187 340 921 419; baseline 0.015 -15"><span class='ocrx_word' id='word_1_1' title='bbox 187 340 230 419; x_wconf 73' lang='lat'>4⁶</span> <span class='ocrx_word' id='word_1_2' title='bbox 574 344 748 411; x_wconf 72' lang='lat' dir='ltr'>Reconns</span> <span class='ocrx_word' id='word_1_3' title='bbox 777 364 824 413; x_wconf 85' lang='lat' dir='ltr'>or</span> <span class='ocrx_word' id='word_1_4' title='bbox 849 366 921 414; x_wconf 72' lang='lat' dir='ltr'>rur:</span> 
     </span>
    </p>
   </div>
   <div class='ocr_carea' id='block_1_2' title="bbox 170 539 1294 4473">
    <p class='ocr_par' dir='ltr' id='par_1_2' title="bbox 170 539 1294 4473">
     <span class='ocr_line' id='line_1_2' title="bbox 187 539 1294 626; baseline 0.013 -29"><span class='ocrx_word' id='word_1_5' title='bbox 187 555 305 599; x_wconf 77' lang='lat' dir='ltr'>omnes</span> <span class='ocrx_word' id='word_1_6' title='bbox 333 554 366 601; x_wconf 80' lang='lat' dir='ltr'>et</span> <span class='ocrx_word' id='word_1_7' title='bbox 397 539 519 614; x_wconf 63' lang='lat' dir='ltr'>singuli</span> <span class='ocrx_word' id='word_1_8' title='bbox 549 540 584 603; x_wconf 92' lang='lat' dir='ltr'>in</span> <span class='ocrx_word' id='word_1_9' title='bbox 603 540 742 623; x_wconf 83' lang='lat' dir='ltr'>judicio.</span> <span class='ocrx_word' id='word_1_10' title='bbox 758 550 793 604; x_wconf 86' lang='lat' dir='ltr'>et</span> <span class='ocrx_word' id='word_1_11' title='bbox 818 542 963 626; x_wconf 78' lang='lat' dir='ltr'>quilibet</span> <span class='ocrx_word' id='word_1_12' title='bbox 979 562 1097 608; x_wconf 88' lang='lat' dir='ltr'>eorum</span> <span class='ocrx_word' id='word_1_13' title='bbox 1117 544 1294 612; x_wconf 77' lang='lat' dir='ltr'>fatebatur</span> 
     </span>
     <span class='ocr_line' id='line_1_3' title="bbox 185 646 1293 732; baseline 0.012 -30"><span class='ocrx_word' id='word_1_14' title='bbox 185 660 511 725; x_wconf 73' lang='lat' dir='ltr'>prosesp.·n1eer</span> <span class='ocrx_word' id='word_1_15' title='bbox 537 665 693 727; x_wconf 80' lang='lat' dir='ltr'>expresse</span> <span class='ocrx_word' id='word_1_16' title='bbox 715 646 925 730; x_wconf 73' lang='lat' dir='ltr'>recoguoiit,</span> <span class='ocrx_word' id='word_1_17' title='bbox 947 666 984 711; x_wconf 81' lang='lat' dir='ltr'>se</span> <span class='ocrx_word' id='word_1_18' title='bbox 1007 668 1111 732; x_wconf 88' lang='lat' dir='ltr'>super</span> <span class='ocrx_word' id='word_1_19' title='bbox 1138 650 1293 715; x_wconf 88' lang='lat' dir='ltr'><strong>articulis</strong></span> 
     </span>
     <span class='ocr_line' id='line_1_4' title="bbox 185 745 1290 831; baseline 0.013 -25"><span class='ocrx_word' id='word_1_20' title='bbox 185 745 219 807; x_wconf 90' lang='lat' dir='ltr'>in</span> <span class='ocrx_word' id='word_1_21' title='bbox 253 745 351 810; x_wconf 85' lang='lat' dir='ltr'>Bulla</span> <span class='ocrx_word' id='word_1_22' title='bbox 382 749 496 831; x_wconf 79' lang='lat' dir='ltr'>papali</span> <span class='ocrx_word' id='word_1_23' title='bbox 528 750 700 813; x_wconf 78' lang='lat' dir='ltr'>contentis</span> <span class='ocrx_word' id='word_1_24' title='bbox 727 751 948 815; x_wconf 76' lang='lat' dir='ltr'>vehementer</span> <span class='ocrx_word' id='word_1_25' title='bbox 976 772 1049 816; x_wconf 73' lang='lat' dir='ltr'>esse</span> <span class='ocrx_word' id='word_1_26' title='bbox 1079 752 1290 831; x_wconf 76' lang='lat' dir='ltr'>diffamatos,</span> 
     </span>
     <span class='ocr_line' id='line_1_5' title="bbox 184 850 1291 941; baseline 0.013 -30"><span class='ocrx_word' id='word_1_27' title='bbox 184 864 217 912; x_wconf 84' lang='lat' dir='ltr'>et</span> <span class='ocrx_word' id='word_1_28' title='bbox 240 850 282 913; x_wconf 85' lang='lat' dir='ltr'>de</span> <span class='ocrx_word' id='word_1_29' title='bbox 303 852 429 917; x_wconf 73' lang='lat' dir='ltr'>eisdem</span> <span class='ocrx_word' id='word_1_30' title='bbox 451 854 603 917; x_wconf 70' lang='lat' dir='ltr'>articulis</span> <span class='ocrx_word' id='word_1_31' title='bbox 624 876 693 919; x_wconf 84' lang='lat' dir='ltr'>non</span> <span class='ocrx_word' id='word_1_32' title='bbox 717 876 815 938; x_wconf 66' lang='lat' dir='ltr'>posse</span> <span class='ocrx_word' id='word_1_33' title='bbox 836 876 873 919; x_wconf 82' lang='lat' dir='ltr'>se</span> <span class='ocrx_word' id='word_1_34' title='bbox 894 876 1060 941; x_wconf 87' lang='lat' dir='ltr'>purgare;</span> <span class='ocrx_word' id='word_1_35' title='bbox 1102 858 1291 941; x_wconf 87' lang='lat' dir='ltr'>petierunt·</span> 
     </span>
     <span class='ocr_line' id='line_1_6' title="bbox 184 958 1290 1048; baseline 0.011 -31"><span class='ocrx_word' id='word_1_36' title='bbox 184 976 251 1038; x_wconf 85' lang='lat' dir='ltr'>que</span> <span class='ocrx_word' id='word_1_37' title='bbox 275 972 308 1019; x_wconf 84' lang='lat' dir='ltr'>er</span> <span class='ocrx_word' id='word_1_38' title='bbox 334 958 476 1041; x_wconf 78' lang='lat' dir='ltr'>quilibet</span> <span class='ocrx_word' id='word_1_39' title='bbox 503 978 620 1023; x_wconf 64' lang='lat' dir='ltr'>erinim</span> <span class='ocrx_word' id='word_1_40' title='bbox 648 980 710 1042; x_wconf 85' lang='lat' dir='ltr'>pro</span> <span class='ocrx_word' id='word_1_41' title='bbox 739 980 774 1023; x_wconf 83' lang='lat' dir='ltr'>se</span> <span class='ocrx_word' id='word_1_42' title='bbox 805 961 905 1043; x_wconf 87' lang='lat' dir='ltr'>petiit</span> <span class='ocrx_word' id='word_1_43' title='bbox 933 962 1117 1035; x_wconf 84' lang='lat' dir='ltr'>humiliter,</span> <span class='ocrx_word' id='word_1_44' title='bbox 1144 964 1290 1048; x_wconf 76' lang='lat' dir='ltr'>genibus</span> 
     </span>
     <span class='ocr_line' id='line_1_7' title="bbox 185 1059 1289 1144; baseline 0.01 -22"><span class='ocrx_word' id='word_1_45' title='bbox 185 1059 290 1128; x_wconf 81' lang='lat' dir='ltr'>rlexis.</span> <span class='ocrx_word' id='word_1_46' title='bbox 332 1078 464 1126; x_wconf 78' lang='lat' dir='ltr'>statum</span> <span class='ocrx_word' id='word_1_47' title='bbox 500 1064 660 1127; x_wconf 78' lang='lat' dir='ltr'>ecelesiae</span> <span class='ocrx_word' id='word_1_48' title='bbox 696 1066 760 1127; x_wconf 81' lang='lat' dir='ltr'>sibi</span> <span class='ocrx_word' id='word_1_49' title='bbox 800 1066 963 1135; x_wconf 85' lang='lat' dir='ltr'>concedi:</span> <span class='ocrx_word' id='word_1_50' title='bbox 1010 1076 1211 1144; x_wconf 75' lang='lat' dir='ltr'>asserentes,</span> <span class='ocrx_word' id='word_1_51' title='bbox 1254 1090 1289 1133; x_wconf 90' lang='lat' dir='ltr'>se</span> 
     </span>
     <span class='ocr_line' id='line_1_8' title="bbox 184 1168 1290 1258; baseline 0.011 -31"><span class='ocrx_word' id='word_1_52' title='bbox 184 1181 324 1247; x_wconf 76' lang='lat' dir='ltr'>paratos</span> <span class='ocrx_word' id='word_1_53' title='bbox 345 1188 416 1230; x_wconf 74' lang='lat' dir='ltr'>esse</span> <span class='ocrx_word' id='word_1_54' title='bbox 437 1168 643 1232; x_wconf 78' lang='lat' dir='ltr'>ordinationi</span> <span class='ocrx_word' id='word_1_55' title='bbox 668 1169 827 1233; x_wconf 74' lang='lat' dir='ltr'>ecclesiae</span> <span class='ocrx_word' id='word_1_56' title='bbox 849 1170 883 1235; x_wconf 92' lang='lat' dir='ltr'>in</span> <span class='ocrx_word' id='word_1_57' title='bbox 904 1172 1065 1235; x_wconf 69' lang='lat' dir='ltr'>omnibus</span> <span class='ocrx_word' id='word_1_58' title='bbox 1078 1178 1172 1237; x_wconf 84' lang='lat' dir='ltr'>stare</span> <span class='ocrx_word' id='word_1_59' title='bbox 1188 1192 1290 1258; x_wconf 89' lang='lat' dir='ltr'>super</span> 
     </span>
     <span class='ocr_line' id='line_1_9' title="bbox 183 1271 1289 1359; baseline 0.012 -28"><span class='ocrx_word' id='word_1_60' title='bbox 183 1272 385 1351; x_wconf 63' lang='lat' dir='ltr'>praemissis.</span> <span class='ocrx_word' id='word_1_61' title='bbox 458 1271 596 1353; x_wconf 79' lang='lat' dir='ltr'>Jurabir</span> <span class='ocrx_word' id='word_1_62' title='bbox 649 1274 872 1357; x_wconf 64' lang='lat' dir='ltr'>pistmodum</span> <span class='ocrx_word' id='word_1_63' title='bbox 921 1274 1065 1359; x_wconf 81' lang='lat' dir='ltr'>quilibet</span> <span class='ocrx_word' id='word_1_64' title='bbox 1116 1275 1289 1343; x_wconf 88' lang='lat' dir='ltr'>dictorum</span> 
     </span>
     <span class='ocr_line' id='line_1_10' title="bbox 184 1373 1289 1463; baseline 0.01 -27"><span class='ocrx_word' id='word_1_65' title='bbox 184 1373 453 1457; x_wconf 84' lang='lat' dir='ltr'>Templariorum</span> <span class='ocrx_word' id='word_1_66' title='bbox 475 1398 589 1460; x_wconf 82' lang='lat' dir='ltr'>perse</span> <span class='ocrx_word' id='word_1_67' title='bbox 609 1380 814 1443; x_wconf 84' lang='lat' dir='ltr'>nominatim</span> <span class='ocrx_word' id='word_1_68' title='bbox 834 1392 869 1443; x_wconf 88' lang='lat' dir='ltr'>et</span> <span class='ocrx_word' id='word_1_69' title='bbox 888 1398 1045 1463; x_wconf 69' lang='lat' dir='ltr'>expresse</span> <span class='ocrx_word' id='word_1_70' title='bbox 1064 1380 1108 1444; x_wconf 90' lang='lat' dir='ltr'>de</span> <span class='ocrx_word' id='word_1_71' title='bbox 1123 1382 1289 1448; x_wconf 90' lang='lat' dir='ltr'>mandato</span> 
     </span>
     <span class='ocr_line' id='line_1_11' title="bbox 182 1480 1287 1570; baseline 0.01 -29"><span class='ocrx_word' id='word_1_72' title='bbox 182 1480 352 1548; x_wconf 80' lang='lat' dir='ltr'>ecclesiae,</span> <span class='ocrx_word' id='word_1_73' title='bbox 367 1483 470 1544; x_wconf 79' lang='lat' dir='ltr'>tactis</span> <span class='ocrx_word' id='word_1_74' title='bbox 486 1484 711 1547; x_wconf 68' lang='lat' dir='ltr'>sicmsrnetis</span> <span class='ocrx_word' id='word_1_75' title='bbox 730 1483 934 1567; x_wconf 65' lang='lat' dir='ltr'>Evangeliis</span> <span class='ocrx_word' id='word_1_76' title='bbox 949 1485 982 1548; x_wconf 91' lang='lat' dir='ltr'>in</span> <span class='ocrx_word' id='word_1_77' title='bbox 1000 1485 1116 1570; x_wconf 89' lang='lat' dir='ltr'>lingua</span> <span class='ocrx_word' id='word_1_78' title='bbox 1131 1494 1287 1551; x_wconf 91' lang='lat' dir='ltr'>matema</span> 
     </span>
     <span class='ocr_line' id='line_1_12' title="bbox 181 1586 1286 1672; baseline 0.008 -25"><span class='ocrx_word' id='word_1_79' title='bbox 181 1586 246 1647; x_wconf 84' lang='lat' dir='ltr'>sub</span> <span class='ocrx_word' id='word_1_80' title='bbox 270 1586 334 1648; x_wconf 85' lang='lat' dir='ltr'>hac</span> <span class='ocrx_word' id='word_1_81' title='bbox 359 1586 490 1649; x_wconf 73' lang='lat' dir='ltr'>sonna:</span> <span class='ocrx_word' id='word_1_82' title='bbox 517 1594 536 1609; x_wconf 76' lang='lat'>⁶·</span> <span class='ocrx_word' id='word_1_83' title='bbox 555 1587 627 1669; x_wconf 78' lang='lat' dir='ltr'>Ego</span> <span class='ocrx_word' id='word_1_84' title='bbox 651 1588 729 1651; x_wconf 79' lang='lat' dir='ltr'>talis</span> <span class='ocrx_word' id='word_1_85' title='bbox 752 1589 905 1652; x_wconf 83' lang='lat' dir='ltr'>detestor</span> <span class='ocrx_word' id='word_1_86' title='bbox 927 1598 961 1652; x_wconf 88' lang='lat' dir='ltr'>et</span> <span class='ocrx_word' id='word_1_87' title='bbox 988 1589 1111 1672; x_wconf 84' lang='lat' dir='ltr'>abjuro</span> <span class='ocrx_word' id='word_1_88' title='bbox 1134 1590 1180 1655; x_wconf 91' lang='lat' dir='ltr'>ad</span> <span class='ocrx_word' id='word_1_89' title='bbox 1203 1592 1286 1657; x_wconf 90' lang='lat' dir='ltr'>haec</span> 
     </span>
     <span class='ocr_line' id='line_1_13' title="bbox 181 1692 1284 1780; baseline 0.007 -27"><span class='ocrx_word' id='word_1_90' title='bbox 181 1702 300 1753; x_wconf 78' lang='lat' dir='ltr'>saneta</span> <span class='ocrx_word' id='word_1_91' title='bbox 327 1707 479 1776; x_wconf 83' lang='lat' dir='ltr'>quatuor</span> <span class='ocrx_word' id='word_1_92' title='bbox 508 1692 684 1775; x_wconf 75' lang='lat' dir='ltr'>evangelia</span> <span class='ocrx_word' id='word_1_93' title='bbox 711 1713 830 1757; x_wconf 84' lang='lat' dir='ltr'>omnes</span> <span class='ocrx_word' id='word_1_94' title='bbox 855 1694 1020 1763; x_wconf 85' lang='lat' dir='ltr'>haereses.</span> <span class='ocrx_word' id='word_1_95' title='bbox 1044 1701 1079 1758; x_wconf 94' lang='lat' dir='ltr'>et</span> <span class='ocrx_word' id='word_1_96' title='bbox 1103 1696 1284 1780; x_wconf 80' lang='lat' dir='ltr'>praecipue</span> 
     </span>
     <span class='ocr_line' id='line_1_14' title="bbox 180 1795 1282 1882; baseline 0.006 -24"><span class='ocrx_word' id='word_1_97' title='bbox 180 1795 255 1859; x_wconf 81' lang='lat' dir='ltr'>illas</span> <span class='ocrx_word' id='word_1_98' title='bbox 270 1796 304 1860; x_wconf 94' lang='lat' dir='ltr'>in</span> <span class='ocrx_word' id='word_1_99' title='bbox 321 1797 413 1860; x_wconf 87' lang='lat' dir='ltr'>bulla</span> <span class='ocrx_word' id='word_1_100' title='bbox 430 1797 544 1880; x_wconf 85' lang='lat' dir='ltr'>papali</span> <span class='ocrx_word' id='word_1_101' title='bbox 561 1812 753 1863; x_wconf 82' lang='lat' dir='ltr'>contentas.</span> <span class='ocrx_word' id='word_1_102' title='bbox 769 1798 953 1882; x_wconf 85' lang='lat' dir='ltr'>dequibus</span> <span class='ocrx_word' id='word_1_103' title='bbox 968 1798 1169 1864; x_wconf 76' lang='lat' dir='ltr'>diffamatus</span> <span class='ocrx_word' id='word_1_104' title='bbox 1183 1819 1260 1865; x_wconf 90' lang='lat' dir='ltr'>sum</span> <span class='ocrx_word' id='word_1_105' title='bbox 1275 1819 1282 1875; x_wconf 88' lang='lat'>;</span> 
     </span>
     <span class='ocr_line' id='line_1_15' title="bbox 180 1902 1282 1985; baseline 0.004 -20"><span class='ocrx_word' id='word_1_106' title='bbox 180 1913 213 1965; x_wconf 88' lang='lat' dir='ltr'>et</span> <span class='ocrx_word' id='word_1_107' title='bbox 244 1904 411 1985; x_wconf 77' lang='lat' dir='ltr'>promitto</span> <span class='ocrx_word' id='word_1_108' title='bbox 440 1902 482 1965; x_wconf 84' lang='lat' dir='ltr'>de</span> <span class='ocrx_word' id='word_1_109' title='bbox 510 1916 646 1965; x_wconf 81' lang='lat' dir='ltr'>caetero</span> <span class='ocrx_word' id='word_1_110' title='bbox 674 1904 855 1966; x_wconf 81' lang='lat' dir='ltr'>observare</span> <span class='ocrx_word' id='word_1_111' title='bbox 884 1902 987 1967; x_wconf 90' lang='lat' dir='ltr'>tidem</span> <span class='ocrx_word' id='word_1_112' title='bbox 1014 1904 1222 1969; x_wconf 83' lang='lat' dir='ltr'>catholicam</span> <span class='ocrx_word' id='word_1_113' title='bbox 1249 1910 1282 1969; x_wconf 91' lang='lat' dir='ltr'>et</span> 
     </span>
     <span class='ocr_line' id='line_1_16' title="bbox 180 2007 1282 2091; baseline 0.003 -20"><span class='ocrx_word' id='word_1_114' title='bbox 180 2009 421 2075; x_wconf 84' lang='lat' dir='ltr'>orthodoxam.</span> <span class='ocrx_word' id='word_1_115' title='bbox 454 2028 560 2091; x_wconf 78' lang='lat' dir='ltr'>quam</span> <span class='ocrx_word' id='word_1_116' title='bbox 595 2021 688 2070; x_wconf 83' lang='lat' dir='ltr'>tenet</span> <span class='ocrx_word' id='word_1_117' title='bbox 722 2007 821 2070; x_wconf 82' lang='lat' dir='ltr'>‹ioeet</span> <span class='ocrx_word' id='word_1_118' title='bbox 862 2022 896 2069; x_wconf 84' lang='lat' dir='ltr'>et</span> <span class='ocrx_word' id='word_1_119' title='bbox 941 2007 1115 2091; x_wconf 82' lang='lat' dir='ltr'>praedicat</span> <span class='ocrx_word' id='word_1_120' title='bbox 1155 2007 1282 2074; x_wconf 87' lang='lat' dir='ltr'>Sancta</span> 
     </span>
     <span class='ocr_line' id='line_1_17' title="bbox 182 2111 1282 2193; baseline 0.003 -18"><span class='ocrx_word' id='word_1_121' title='bbox 182 2112 337 2176; x_wconf 83' lang='lat' dir='ltr'>Romana</span> <span class='ocrx_word' id='word_1_122' title='bbox 361 2112 521 2176; x_wconf 77' lang='lat' dir='ltr'>Ecclesia.</span> <span class='ocrx_word' id='word_1_123' title='bbox 569 2112 623 2174; x_wconf 76' lang='lat' dir='ltr'>Sic</span> <span class='ocrx_word' id='word_1_124' title='bbox 645 2112 736 2175; x_wconf 77' lang='lat' dir='ltr'>lleus</span> <span class='ocrx_word' id='word_1_125' title='bbox 756 2132 811 2174; x_wconf 84' lang='lat' dir='ltr'>me</span> <span class='ocrx_word' id='word_1_126' title='bbox 830 2111 985 2193; x_wconf 76' lang='lat' dir='ltr'>adjuret.</span> <span class='ocrx_word' id='word_1_127' title='bbox 1006 2121 1040 2176; x_wconf 91' lang='lat' dir='ltr'>et</span> <span class='ocrx_word' id='word_1_128' title='bbox 1060 2113 1145 2177; x_wconf 89' lang='lat' dir='ltr'>haec</span> <span class='ocrx_word' id='word_1_129' title='bbox 1163 2121 1282 2178; x_wconf 85' lang='lat' dir='ltr'>sancta</span> 
     </span>
     <span class='ocr_line' id='line_1_18' title="bbox 182 2216 1279 2300; baseline 0.002 -19"><span class='ocrx_word' id='word_1_130' title='bbox 182 2219 243 2281; x_wconf 80' lang='lat' dir='ltr'>Ilei</span> <span class='ocrx_word' id='word_1_131' title='bbox 270 2219 491 2297; x_wconf 70' lang='lat' dir='ltr'>Evangelia.&#39;&#39;</span> <span class='ocrx_word' id='word_1_132' title='bbox 538 2216 603 2300; x_wconf 83' lang='lat' dir='ltr'>Qui</span> <span class='ocrx_word' id='word_1_133' title='bbox 629 2217 822 2300; x_wconf 85' lang='lat' dir='ltr'>Templarii.</span> <span class='ocrx_word' id='word_1_134' title='bbox 839 2230 877 2279; x_wconf 86' lang='lat' dir='ltr'>ut</span> <span class='ocrx_word' id='word_1_135' title='bbox 895 2216 1140 2299; x_wconf 86' lang='lat' dir='ltr'>praemittitur.</span> <span class='ocrx_word' id='word_1_136' title='bbox 1164 2216 1279 2300; x_wconf 85' lang='lat' dir='ltr'>jurati.</span> 
     </span>
     <span class='ocr_line' id='line_1_19' title="bbox 179 2320 1280 2387; baseline 0.004 -4"><span class='ocrx_word' id='word_1_137' title='bbox 179 2324 298 2386; x_wconf 80' lang='lat' dir='ltr'>statim</span> <span class='ocrx_word' id='word_1_138' title='bbox 324 2324 368 2386; x_wconf 87' lang='lat' dir='ltr'>ad</span> <span class='ocrx_word' id='word_1_139' title='bbox 395 2324 544 2386; x_wconf 80' lang='lat' dir='ltr'>hostium</span> <span class='ocrx_word' id='word_1_140' title='bbox 562 2322 711 2385; x_wconf 78' lang='lat' dir='ltr'>australe</span> <span class='ocrx_word' id='word_1_141' title='bbox 733 2320 847 2384; x_wconf 83' lang='lat' dir='ltr'>dictae</span> <span class='ocrx_word' id='word_1_142' title='bbox 872 2320 975 2385; x_wconf 85' lang='lat' dir='ltr'>Ebur.</span> <span class='ocrx_word' id='word_1_143' title='bbox 994 2320 1153 2386; x_wconf 81' lang='lat' dir='ltr'>ecclesiae</span> <span class='ocrx_word' id='word_1_144' title='bbox 1170 2342 1280 2387; x_wconf 86' lang='lat' dir='ltr'>acces·</span> 
     </span>
     <span class='ocr_line' id='line_1_20' title="bbox 178 2425 1280 2511; baseline 0.003 -23"><span class='ocrx_word' id='word_1_145' title='bbox 178 2442 307 2495; x_wconf 82' lang='lat' dir='ltr'>serunt.</span> <span class='ocrx_word' id='word_1_146' title='bbox 324 2428 519 2509; x_wconf 85' lang='lat' dir='ltr'>juramento</span> <span class='ocrx_word' id='word_1_147' title='bbox 535 2428 701 2509; x_wconf 83' lang='lat' dir='ltr'>praestito</span> <span class='ocrx_word' id='word_1_148' title='bbox 716 2428 761 2489; x_wconf 89' lang='lat' dir='ltr'>ab</span> <span class='ocrx_word' id='word_1_149' title='bbox 775 2425 902 2489; x_wconf 85' lang='lat' dir='ltr'>eisdem</span> <span class='ocrx_word' id='word_1_150' title='bbox 917 2425 1077 2490; x_wconf 86' lang='lat' dir='ltr'>omnibus</span> <span class='ocrx_word' id='word_1_151' title='bbox 1090 2432 1125 2489; x_wconf 86' lang='lat' dir='ltr'>et</span> <span class='ocrx_word' id='word_1_152' title='bbox 1140 2426 1280 2511; x_wconf 86' lang='lat' dir='ltr'>singulis</span> 
     </span>
     <span class='ocr_line' id='line_1_21' title="bbox 179 2529 1281 2614; baseline 0.003 -21"><span class='ocrx_word' id='word_1_153' title='bbox 179 2531 221 2593; x_wconf 87' lang='lat' dir='ltr'>de</span> <span class='ocrx_word' id='word_1_154' title='bbox 257 2532 409 2614; x_wconf 82' lang='lat' dir='ltr'>parendo</span> <span class='ocrx_word' id='word_1_155' title='bbox 443 2532 618 2594; x_wconf 77' lang='lat' dir='ltr'>mandatis</span> <span class='ocrx_word' id='word_1_156' title='bbox 652 2531 833 2597; x_wconf 66' lang='lat' dir='ltr'>eeclesiae:</span> <span class='ocrx_word' id='word_1_157' title='bbox 881 2530 1039 2614; x_wconf 79' lang='lat' dir='ltr'>ipsosque</span> <span class='ocrx_word' id='word_1_158' title='bbox 1073 2529 1281 2614; x_wconf 85' lang='lat' dir='ltr'>Templarios</span> 
     </span>
     <span class='ocr_line' id='line_1_22' title="bbox 179 2634 1278 2717; baseline 0.002 -19"><span class='ocrx_word' id='word_1_159' title='bbox 179 2656 297 2699; x_wconf 85' lang='lat' dir='ltr'>omnes</span> <span class='ocrx_word' id='word_1_160' title='bbox 332 2650 365 2699; x_wconf 85' lang='lat' dir='ltr'>et</span> <span class='ocrx_word' id='word_1_161' title='bbox 403 2635 564 2715; x_wconf 71' lang='lat' dir='ltr'>singulos.</span> <span class='ocrx_word' id='word_1_162' title='bbox 603 2636 699 2698; x_wconf 82' lang='lat' dir='ltr'>tlexis</span> <span class='ocrx_word' id='word_1_163' title='bbox 739 2635 882 2713; x_wconf 70' lang='lat' dir='ltr'>genibus</span> <span class='ocrx_word' id='word_1_164' title='bbox 921 2634 1086 2717; x_wconf 83' lang='lat' dir='ltr'>depositis</span> <span class='ocrx_word' id='word_1_165' title='bbox 1120 2636 1218 2699; x_wconf 89' lang='lat' dir='ltr'>terris</span> <span class='ocrx_word' id='word_1_166' title='bbox 1237 2636 1278 2716; x_wconf 71' lang='lat' dir='ltr'>(il</span> 
     </span>
     <span class='ocr_line' id='line_1_23' title="bbox 179 2738 1281 2804; baseline 0 -1"><span class='ocrx_word' id='word_1_167' title='bbox 179 2756 261 2803; x_wconf 85' lang='lat' dir='ltr'>tune</span> <span class='ocrx_word' id='word_1_168' title='bbox 315 2742 439 2804; x_wconf 84' lang='lat' dir='ltr'>ibidem</span> <span class='ocrx_word' id='word_1_169' title='bbox 501 2740 657 2803; x_wconf 79' lang='lat' dir='ltr'>sedentes</span> <span class='ocrx_word' id='word_1_170' title='bbox 709 2755 742 2803; x_wconf 82' lang='lat' dir='ltr'>et</span> <span class='ocrx_word' id='word_1_171' title='bbox 802 2738 1005 2803; x_wconf 83' lang='lat' dir='ltr'>beneficium</span> <span class='ocrx_word' id='word_1_172' title='bbox 1056 2739 1281 2804; x_wconf 75' lang='lat' dir='ltr'>absolutionis</span> 
     </span>
     <span class='ocr_line' id='line_1_24' title="bbox 178 2843 1281 2929; baseline 0 -21"><span class='ocrx_word' id='word_1_173' title='bbox 178 2847 351 2909; x_wconf 85' lang='lat' dir='ltr'>humiliter</span> <span class='ocrx_word' id='word_1_174' title='bbox 370 2856 536 2929; x_wconf 82' lang='lat' dir='ltr'>petentes.</span> <span class='ocrx_word' id='word_1_175' title='bbox 557 2846 759 2909; x_wconf 77' lang='lat' dir='ltr'>venerabilis</span> <span class='ocrx_word' id='word_1_176' title='bbox 779 2857 877 2928; x_wconf 85' lang='lat' dir='ltr'>pater</span> <span class='ocrx_word' id='word_1_177' title='bbox 894 2843 1053 2907; x_wconf 83' lang='lat' dir='ltr'>dominus</span> <span class='ocrx_word' id='word_1_178' title='bbox 1071 2843 1221 2908; x_wconf 83' lang='lat' dir='ltr'>Thomas</span> <span class='ocrx_word' id='word_1_179' title='bbox 1239 2844 1281 2908; x_wconf 93' lang='lat' dir='ltr'>de</span> 
     </span>
     <span class='ocr_line' id='line_1_25' title="bbox 176 2948 1281 3034; baseline -0.001 -22"><span class='ocrx_word' id='word_1_180' title='bbox 176 2950 328 3015; x_wconf 74' lang='lat' dir='ltr'>(ainlida</span> <span class='ocrx_word' id='word_1_181' title='bbox 357 2952 442 3015; x_wconf 75' lang='lat' dir='ltr'>(asa</span> <span class='ocrx_word' id='word_1_182' title='bbox 470 2951 648 3034; x_wconf 81' lang='lat' dir='ltr'>episcopus</span> <span class='ocrx_word' id='word_1_183' title='bbox 675 2949 928 3033; x_wconf 72' lang='lat' dir='ltr'>pontificalibus</span> <span class='ocrx_word' id='word_1_184' title='bbox 955 2949 1107 3017; x_wconf 79' lang='lat' dir='ltr'>indutus,</span> <span class='ocrx_word' id='word_1_185' title='bbox 1133 2948 1281 3013; x_wconf 85' lang='lat' dir='ltr'>dominis</span> 
     </span>
     <span class='ocr_line' id='line_1_26' title="bbox 175 3052 1283 3120; baseline 0.001 -4"><span class='ocrx_word' id='word_1_186' title='bbox 175 3054 305 3119; x_wconf 82' lang='lat' dir='ltr'>decano</span> <span class='ocrx_word' id='word_1_187' title='bbox 342 3068 375 3120; x_wconf 88' lang='lat' dir='ltr'>et</span> <span class='ocrx_word' id='word_1_188' title='bbox 413 3056 613 3120; x_wconf 81' lang='lat' dir='ltr'>cancellario</span> <span class='ocrx_word' id='word_1_189' title='bbox 644 3056 803 3119; x_wconf 83' lang='lat' dir='ltr'>ecclesiae</span> <span class='ocrx_word' id='word_1_190' title='bbox 837 3054 937 3116; x_wconf 80' lang='lat' dir='ltr'>Ebor.</span> <span class='ocrx_word' id='word_1_191' title='bbox 971 3074 1009 3116; x_wconf 86' lang='lat' dir='ltr'>ae</span> <span class='ocrx_word' id='word_1_192' title='bbox 1042 3052 1283 3117; x_wconf 85' lang='lat' dir='ltr'>archidiacono</span> 
     </span>
     <span class='ocr_line' id='line_1_27' title="bbox 175 3157 1278 3241; baseline 0 -20"><span class='ocrx_word' id='word_1_193' title='bbox 175 3158 373 3241; x_wconf 67' lang='lat' dir='ltr'>(lyveland,</span> <span class='ocrx_word' id='word_1_194' title='bbox 410 3174 443 3225; x_wconf 84' lang='lat' dir='ltr'>et</span> <span class='ocrx_word' id='word_1_195' title='bbox 484 3164 611 3224; x_wconf 83' lang='lat' dir='ltr'>abbate</span> <span class='ocrx_word' id='word_1_196' title='bbox 645 3162 791 3224; x_wconf 67' lang='lat' dir='ltr'>Saiictae</span> <span class='ocrx_word' id='word_1_197' title='bbox 824 3158 949 3220; x_wconf 87' lang='lat' dir='ltr'>llariae</span> <span class='ocrx_word' id='word_1_198' title='bbox 982 3157 1083 3220; x_wconf 67' lang='lat' dir='ltr'>libor.</span> <span class='ocrx_word' id='word_1_199' title='bbox 1124 3158 1278 3221; x_wconf 85' lang='lat' dir='ltr'>vestibus</span> 
     </span>
     <span class='ocr_line' id='line_1_28' title="bbox 175 3261 1282 3335; baseline -0.001 -10"><span class='ocrx_word' id='word_1_200' title='bbox 175 3266 444 3330; x_wconf 81' lang='lat' dir='ltr'>sacerdotalilnrs</span> <span class='ocrx_word' id='word_1_201' title='bbox 479 3266 618 3335; x_wconf 80' lang='lat' dir='ltr'>indutis,</span> <span class='ocrx_word' id='word_1_202' title='bbox 653 3286 768 3329; x_wconf 84' lang='lat' dir='ltr'>secum</span> <span class='ocrx_word' id='word_1_203' title='bbox 803 3262 1008 3329; x_wconf 78' lang='lat' dir='ltr'>astantibus¹</span> <span class='ocrx_word' id='word_1_204' title='bbox 1044 3262 1088 3324; x_wconf 89' lang='lat' dir='ltr'>ab</span> <span class='ocrx_word' id='word_1_205' title='bbox 1123 3261 1282 3326; x_wconf 91' lang='lat' dir='ltr'>omnibus</span> 
     </span>
     <span class='ocr_line' id='line_1_29' title="bbox 175 3365 1279 3453; baseline -0.001 -24"><span class='ocrx_word' id='word_1_206' title='bbox 175 3368 370 3434; x_wconf 84' lang='lat' dir='ltr'>haeresibus</span> <span class='ocrx_word' id='word_1_207' title='bbox 401 3372 434 3434; x_wconf 89' lang='lat' dir='ltr'>in</span> <span class='ocrx_word' id='word_1_208' title='bbox 467 3371 558 3433; x_wconf 84' lang='lat' dir='ltr'>bulla</span> <span class='ocrx_word' id='word_1_209' title='bbox 590 3370 703 3453; x_wconf 91' lang='lat' dir='ltr'>papali</span> <span class='ocrx_word' id='word_1_210' title='bbox 735 3367 917 3435; x_wconf 75' lang='lat' dir='ltr'>cernentis,</span> <span class='ocrx_word' id='word_1_211' title='bbox 949 3386 982 3429; x_wconf 85' lang='lat' dir='ltr'>et</span> <span class='ocrx_word' id='word_1_212' title='bbox 1015 3365 1173 3430; x_wconf 87' lang='lat' dir='ltr'>omnibus</span> <span class='ocrx_word' id='word_1_213' title='bbox 1205 3365 1279 3429; x_wconf 90' lang='lat' dir='ltr'>aliis</span> 
     </span>
     <span class='ocr_line' id='line_1_30' title="bbox 174 3470 1277 3557; baseline 0.001 -24"><span class='ocrx_word' id='word_1_214' title='bbox 174 3472 333 3545; x_wconf 76' lang='lat' dir='ltr'>absolvit,</span> <span class='ocrx_word' id='word_1_215' title='bbox 357 3475 515 3557; x_wconf 86' lang='lat' dir='ltr'>ipsosque</span> <span class='ocrx_word' id='word_1_216' title='bbox 536 3473 746 3556; x_wconf 86' lang='lat' dir='ltr'>Templarios</span> <span class='ocrx_word' id='word_1_217' title='bbox 766 3472 810 3534; x_wconf 90' lang='lat' dir='ltr'>ad</span> <span class='ocrx_word' id='word_1_218' title='bbox 839 3480 970 3533; x_wconf 87' lang='lat' dir='ltr'>statum</span> <span class='ocrx_word' id='word_1_219' title='bbox 997 3470 1156 3533; x_wconf 88' lang='lat' dir='ltr'>ecclesiae</span> <span class='ocrx_word' id='word_1_220' title='bbox 1176 3477 1210 3533; x_wconf 91' lang='lat' dir='ltr'>et</span> <span class='ocrx_word' id='word_1_221' title='bbox 1232 3470 1277 3534; x_wconf 86' lang='lat' dir='ltr'>ad</span> 
     </span>
     <span class='ocr_line' id='line_1_31' title="bbox 173 3573 1278 3657; baseline 0.002 -22"><span class='ocrx_word' id='word_1_222' title='bbox 173 3588 387 3641; x_wconf 81' lang='lat' dir='ltr'>sacramenta</span> <span class='ocrx_word' id='word_1_223' title='bbox 405 3578 630 3640; x_wconf 81' lang='lat' dir='ltr'>ecclesiastiea</span> <span class='ocrx_word' id='word_1_224' title='bbox 649 3575 809 3638; x_wconf 86' lang='lat' dir='ltr'>restitnit.</span> <span class='ocrx_word' id='word_1_225' title='bbox 860 3575 1006 3637; x_wconf 73' lang='lat' dir='ltr'>lienium</span> <span class='ocrx_word' id='word_1_226' title='bbox 1025 3574 1104 3656; x_wconf 86' lang='lat' dir='ltr'>ipsis</span> <span class='ocrx_word' id='word_1_227' title='bbox 1122 3573 1278 3657; x_wconf 86' lang='lat' dir='ltr'>Templa·</span> 
     </span>
     <span class='ocr_line' id='line_1_32' title="bbox 173 3677 1280 3762; baseline 0.001 -22"><span class='ocrx_word' id='word_1_228' title='bbox 173 3679 230 3740; x_wconf 82' lang='lat' dir='ltr'>riis</span> <span class='ocrx_word' id='word_1_229' title='bbox 251 3680 376 3745; x_wconf 88' lang='lat' dir='ltr'>iterato</span> <span class='ocrx_word' id='word_1_230' title='bbox 398 3682 528 3744; x_wconf 88' lang='lat' dir='ltr'>dictum</span> <span class='ocrx_word' id='word_1_231' title='bbox 551 3679 748 3762; x_wconf 72' lang='lat' dir='ltr'>(opitulum</span> <span class='ocrx_word' id='word_1_232' title='bbox 770 3678 1049 3759; x_wconf 81' lang='lat' dir='ltr'>ingredientibus.</span> <span class='ocrx_word' id='word_1_233' title='bbox 1072 3684 1105 3741; x_wconf 91' lang='lat' dir='ltr'>et</span> <span class='ocrx_word' id='word_1_234' title='bbox 1129 3678 1163 3741; x_wconf 95' lang='lat' dir='ltr'>in</span> <span class='ocrx_word' id='word_1_235' title='bbox 1185 3677 1280 3741; x_wconf 90' lang='lat' dir='ltr'>dicto</span> 
     </span>
     <span class='ocr_line' id='line_1_33' title="bbox 174 3781 1282 3866; baseline 0.003 -23"><span class='ocrx_word' id='word_1_236' title='bbox 174 3783 372 3865; x_wconf 77' lang='lat' dir='ltr'>provinciali</span> <span class='ocrx_word' id='word_1_237' title='bbox 409 3784 550 3847; x_wconf 62' lang='lat' dir='ltr'>«lucilio</span> <span class='ocrx_word' id='word_1_238' title='bbox 586 3783 809 3865; x_wconf 80' lang='lat' dir='ltr'>personaliter</span> <span class='ocrx_word' id='word_1_239' title='bbox 845 3782 1083 3856; x_wconf 71' lang='lat' dir='ltr'>existentibus,</span> <span class='ocrx_word' id='word_1_240' title='bbox 1120 3781 1282 3866; x_wconf 85' lang='lat' dir='ltr'>magister</span> 
     </span>
     <span class='ocr_line' id='line_1_34' title="bbox 175 3886 1279 3969; baseline 0 -21"><span class='ocrx_word' id='word_1_241' title='bbox 175 3886 346 3951; x_wconf 79' lang='lat' dir='ltr'>Robertus</span> <span class='ocrx_word' id='word_1_242' title='bbox 360 3889 402 3951; x_wconf 89' lang='lat' dir='ltr'>de</span> <span class='ocrx_word' id='word_1_243' title='bbox 419 3887 617 3969; x_wconf 76' lang='lat' dir='ltr'>Pyckering‚</span> <span class='ocrx_word' id='word_1_244' title='bbox 633 3886 886 3949; x_wconf 83' lang='lat' dir='ltr'>commissarius</span> <span class='ocrx_word' id='word_1_245' title='bbox 901 3886 1106 3969; x_wconf 84' lang='lat' dir='ltr'>praedictus,</span> <span class='ocrx_word' id='word_1_246' title='bbox 1122 3886 1279 3949; x_wconf 90' lang='lat' dir='ltr'>unanimi</span> 
     </span>
     <span class='ocr_line' id='line_1_35' title="bbox 171 3990 1279 4073; baseline 0.001 -19"><span class='ocrx_word' id='word_1_247' title='bbox 171 4010 337 4054; x_wconf 86' lang='lat' dir='ltr'>consensu</span> <span class='ocrx_word' id='word_1_248' title='bbox 373 3991 525 4054; x_wconf 88' lang='lat' dir='ltr'>omnium</span> <span class='ocrx_word' id='word_1_249' title='bbox 562 3991 594 4053; x_wconf 94' lang='lat' dir='ltr'>in</span> <span class='ocrx_word' id='word_1_250' title='bbox 632 3990 706 4073; x_wconf 87' lang='lat' dir='ltr'>ipso</span> <span class='ocrx_word' id='word_1_251' title='bbox 740 3990 882 4053; x_wconf 86' lang='lat' dir='ltr'>concilio</span> <span class='ocrx_word' id='word_1_252' title='bbox 917 3990 1151 4061; x_wconf 82' lang='lat' dir='ltr'>existentium,</span> <span class='ocrx_word' id='word_1_253' title='bbox 1188 3990 1279 4073; x_wconf 87' lang='lat' dir='ltr'>ipsos</span> 
     </span>
     <span class='ocr_line' id='line_1_36' title="bbox 171 4093 1280 4177; baseline 0 -19"><span class='ocrx_word' id='word_1_254' title='bbox 171 4095 382 4177; x_wconf 74' lang='lat' dir='ltr'>l‘eniplarios</span> <span class='ocrx_word' id='word_1_255' title='bbox 407 4117 424 4158; x_wconf 89' lang='lat' dir='ltr'>a</span> <span class='ocrx_word' id='word_1_256' title='bbox 451 4094 608 4157; x_wconf 86' lang='lat' dir='ltr'>carcerali</span> <span class='ocrx_word' id='word_1_257' title='bbox 634 4093 790 4157; x_wconf 87' lang='lat' dir='ltr'>custodia</span> <span class='ocrx_word' id='word_1_258' title='bbox 816 4094 905 4177; x_wconf 79' lang='lat' dir='ltr'>regia</span> <span class='ocrx_word' id='word_1_259' title='bbox 933 4094 1102 4167; x_wconf 85' lang='lat' dir='ltr'>liberavit,</span> <span class='ocrx_word' id='word_1_260' title='bbox 1129 4103 1161 4156; x_wconf 88' lang='lat' dir='ltr'>et</span> <span class='ocrx_word' id='word_1_261' title='bbox 1189 4094 1280 4176; x_wconf 87' lang='lat' dir='ltr'>ipsos</span> 
     </span>
     <span class='ocr_line' id='line_1_37' title="bbox 171 4197 1277 4281; baseline 0 -18"><span class='ocrx_word' id='word_1_262' title='bbox 171 4200 347 4263; x_wconf 80' lang='lat' dir='ltr'>custodiae</span> <span class='ocrx_word' id='word_1_263' title='bbox 395 4197 553 4262; x_wconf 86' lang='lat' dir='ltr'>ecclesiae</span> <span class='ocrx_word' id='word_1_264' title='bbox 604 4197 742 4260; x_wconf 80' lang='lat' dir='ltr'>admisit</span> <span class='ocrx_word' id='word_1_265' title='bbox 795 4203 830 4260; x_wconf 90' lang='lat' dir='ltr'>et</span> <span class='ocrx_word' id='word_1_266' title='bbox 880 4198 1116 4280; x_wconf 80' lang='lat' dir='ltr'>mancipavit;</span> <span class='ocrx_word' id='word_1_267' title='bbox 1166 4197 1277 4281; x_wconf 84' lang='lat' dir='ltr'>ipsum</span> 
     </span>
     <span class='ocr_line' id='line_1_38' title="bbox 171 4300 1274 4388; baseline -0.002 -21"><span class='ocrx_word' id='word_1_268' title='bbox 171 4303 378 4388; x_wconf 82' lang='lat' dir='ltr'>provinciale</span> <span class='ocrx_word' id='word_1_269' title='bbox 406 4301 586 4366; x_wconf 86' lang='lat' dir='ltr'>concilium</span> <span class='ocrx_word' id='word_1_270' title='bbox 616 4320 723 4383; x_wconf 86' lang='lat' dir='ltr'>usque</span> <span class='ocrx_word' id='word_1_271' title='bbox 752 4300 784 4362; x_wconf 92' lang='lat' dir='ltr'>in</span> <span class='ocrx_word' id='word_1_272' title='bbox 813 4301 1000 4363; x_wconf 84' lang='lat' dir='ltr'>crastinum</span> <span class='ocrx_word' id='word_1_273' title='bbox 1029 4303 1274 4373; x_wconf 83' lang='lat' dir='ltr'>contmuando,</span> 
     </span>
     <span class='ocr_line' id='line_1_39' title="bbox 170 4403 1274 4473; baseline 0.002 -4"><span class='ocrx_word' id='word_1_274' title='bbox 170 4408 315 4473; x_wconf 88' lang='lat' dir='ltr'>eundem</span> <span class='ocrx_word' id='word_1_275' title='bbox 343 4407 432 4471; x_wconf 87' lang='lat' dir='ltr'>diem</span> <span class='ocrx_word' id='word_1_276' title='bbox 459 4405 646 4469; x_wconf 78' lang='lat' dir='ltr'>crastinum</span> <span class='ocrx_word' id='word_1_277' title='bbox 675 4403 738 4465; x_wconf 93' lang='lat' dir='ltr'>toti</span> <span class='ocrx_word' id='word_1_278' title='bbox 771 4403 860 4467; x_wconf 88' lang='lat' dir='ltr'>clero</span> <span class='ocrx_word' id='word_1_279' title='bbox 892 4403 1016 4468; x_wconf 82' lang='lat' dir='ltr'>ibidem</span> <span class='ocrx_word' id='word_1_280' title='bbox 1044 4405 1203 4468; x_wconf 81' lang='lat' dir='ltr'>existenti</span> <span class='ocrx_word' id='word_1_281' title='bbox 1231 4406 1274 4471; x_wconf 87' lang='lat' dir='ltr'>ad</span> 
     </span>
    </p>
   </div>
   <div class='ocr_carea' id='block_1_3' title="bbox 0 0 1464 5010">
    <p class='ocr_par' dir='ltr' id='par_1_3' title="bbox 0 0 1464 5010">
     <span class='ocr_line' id='line_1_40' title="bbox 0 0 1464 5010; baseline 0 5"><span class='ocrx_word' id='word_1_282' title='bbox 0 0 1464 5010; x_wconf 95' lang='lat' dir='ltr'> </span> 
     </span>
    </p>
   </div>
  </div>
 </body>
</html>
