2918 5010
481 374 685 439 Nonrnunu
710 373 980 443 Convoca‘rrom
1245 374 1286 455 65

174 567 309 651 plenam
332 576 366 632 et
389 568 617 633 sufficientem
646 575 855 652 potestatem
884 571 1060 642 habentes,
1086 570 1120 632 in
1144 569 1285 632 ecclesia

173 680 290 737 nostra
321 674 527 738 Eboracensi
558 674 612 737 die
644 674 760 737 Lunae
791 675 825 738 in
856 675 1006 738 crastino
1037 675 1068 738 S.
1102 672 1281 738 Trinitatis

173 778 328 860 proximo
366 778 502 842 futurae
537 779 765 861 compareatis
798 786 832 843 et
864 785 1086 862 compareant
1118 779 1162 843 ad
1193 785 1282 842 trac-

172 883 317 947 tandum
339 883 371 946 in
393 882 485 946 dicta
507 883 762 946 Convocatione
783 884 960 947 nobiscum
985 891 1018 947 et
1039 905 1117 948 cum
1138 883 1281 948 caeteris

172 988 332 1070 praelatis
370 995 404 1050 et
456 988 735 1070 procuratoribus
776 989 854 1052 cleri
896 996 1089 1053 nostrarum
1129 987 1281 1052 civitatis

172 1091 333 1156 dioecesis
362 1099 395 1156 et
426 1092 621 1174 provinciae
650 1112 752 1175 super
779 1093 918 1177 negotio
949 1093 1136 1167 antedicto,
1166 1113 1206 1157 ac
1236 1091 1280 1156 ad

171 1196 365 1261 laciendum
395 1197 536 1261 ulterius
564 1216 666 1279 super
694 1196 760 1270 illo,
786 1198 880 1281 quod
903 1198 1077 1262 communi
1104 1197 1280 1261 videbitur

172 1300 300 1383 judicio
316 1302 511 1365 laciendum
529 1323 534 1364 ;
561 1302 604 1365 de
622 1301 676 1364 die
690 1321 770 1365 vero
783 1302 986 1386 receptionis
999 1302 1231 1385 praesentium
1247 1308 1281 1365 et

171 1406 319 1490 qualiter
338 1407 401 1469 hoc
423 1413 579 1470 nostrum
600 1406 805 1470 mandatum
826 1407 958 1471 fueritis
978 1407 1124 1482 executi,
1146 1427 1278 1471 necnon

171 1510 211 1574 de
242 1511 439 1575 nominibus
468 1512 636 1574 abbatum
665 1510 815 1591 priorum
841 1511 1159 1576 archidiaconorum
1185 1532 1280 1594 prae-

171 1616 360 1697 positorum
386 1616 593 1679 decanorum
620 1622 654 1677 et
680 1615 910 1697 capitulorum
935 1616 1190 1699 praedictorum
1216 1636 1278 1680 nos

171 1721 256 1784 citra
285 1720 416 1784 dictum
446 1720 536 1783 diem
564 1719 792 1783 certificantes
820 1719 982 1784 distincte
1010 1728 1043 1784 et
1073 1728 1191 1804 aperte
1220 1741 1280 1803 per

170 1833 302 1888 vestras
347 1831 506 1908 patentes
557 1825 672 1887 literas
722 1825 844 1888 harum
887 1825 1007 1888 seriem
1050 1825 1277 1889 continentes.

172 1928 355 1993 conservet
424 1950 485 1992 vos
551 1928 746 1992 Altissimus
812 1929 857 1992 ad
922 1929 1082 1993 ecclesiae
1146 1936 1280 1992 vestrae

172 2035 322 2118 requiem
352 2042 386 2097 ct
418 2036 591 2097 honorem.
641 2033 770 2097 Datum
801 2034 894 2116 apud
925 2033 1143 2098 Burtontona
1174 2052 1279 2116 prope

174 2137 395 2202 Beverlacum
419 2139 484 2221 iiij⁰
512 2138 587 2201 Kal.
616 2137 693 2200 llaii
719 2158 810 2201 arrrro
835 2139 965 2220 gratiae
992 2156 1086 2220 1314,
1110 2148 1144 2201 et
1171 2137 1283 2222 ponti-

175 2243 296 2307 ficatus
315 2243 421 2306 nostri
442 2264 542 2306 nono

294 2471 372 2530 xxii.
418 2471 493 2530 This
519 2470 670 2529 hlaudate
693 2489 756 2527 was
781 2470 934 2537 followed,
955 2470 1102 2530 amonth
1125 2470 1215 2539 later,
1240 2469 1284 2548 hy

212 2567 347 2626 another
388 2567 479 2634 Writ‚
520 2566 621 2626 which
665 2566 821 2625 indicates
862 2556 937 2625 that
975 2568 1028 2625 the
1066 2566 1285 2627 Convocation

212 2664 401 2722 summoned
425 2664 471 2721 ior
492 2663 546 2722 the
565 2662 693 2740 Trinity
714 2662 800 2728 time,
824 2678 911 2738 1314,
933 2663 996 2722 had
1016 2663 1118 2722 either
1138 2662 1232 2722 sailed
1253 2669 1287 2722 to

213 2768 296 2819 meet
326 2779 362 2818 or
392 2760 454 2818 had
486 2759 568 2817 done
599 2777 640 2815 no
670 2758 824 2817 business.
867 2758 943 2817 This
973 2758 1090 2818 second
1121 2778 1286 2818 summons

214 2864 340 2934 repeats
358 2857 411 2915 the
427 2856 599 2914 substance
615 2854 648 2912 ol
665 2854 718 2913 the
737 2859 753 2876 ¹·
771 2854 1030 2913 Praemunientes
1047 2855 1063 2876 ''
1081 2855 1208 2924 clanse;
1232 2855 1287 2914 the

214 2953 413 3029 Arrhhishop
424 2959 525 3011 states
538 2953 609 3010 that
624 2951 762 3009 Edward
776 2950 806 3008 ll
823 2952 839 2972 “
855 2969 927 3009 cnm
939 2951 1067 3028 copiosa
1080 2951 1286 3010 multitudine

213 3056 410 3109 armatorum
427 3049 493 3124 jam
511 3047 679 3125 arripuerit
697 3047 757 3106 iter
773 3046 901 3106 suum.”

295 3220 345 3297 By
375 3238 393 3278 a
424 3218 633 3278 Commission
665 3217 763 3277 dated
797 3217 951 3287 llnrham
985 3216 1060 3276 1htb
1092 3215 1286 3284 November,

217 3332 303 3392 1314,
320 3334 365 3374 we
380 3316 466 3374 leam
481 3315 565 3373 what
582 3314 763 3375 amountol
779 3322 833 3373 tax
848 3313 910 3372 this
925 3312 1142 3372 Convocation
1156 3313 1290 3373 ordered

216 3419 250 3470 to
277 3412 315 3470 he
344 3411 455 3470 levied.
504 3410 531 3469 lt
562 3411 586 3469 is
615 3410 802 3485 interesting
830 3410 974 3471 because.
1002 3408 1078 3486 only
1107 3416 1170 3467 two
1197 3428 1289 3486 years

217 3508 336 3575 earlier,
353 3507 571 3567 Convocation
591 3506 653 3564 had
675 3506 800 3565 reinsed
824 3513 857 3563 to
878 3511 955 3564 vote
977 3522 1041 3583 any
1062 3504 1114 3564 aid
1136 3512 1169 3564 at
1192 3505 1232 3565 all
1255 3512 1288 3564 to

219 3604 273 3662 the
289 3603 385 3678 King.

665 3775 796 3841 XXVI.

258 3955 424 4030 [Kellawe
441 3954 519 4032 Reg.
538 3953 721 4014 Palatinum
739 3952 899 4021 Dnnelm.‚
917 3952 943 4017 Ι,
959 3951 1043 4029 6361.

209 4139 405 4204 Commissio
441 4139 484 4204 ad
532 4175 551 4214 ρ
671 4139 848 4213 Ricardus,
901 4137 1121 4220 permissione
1170 4136 1290 4200 divina

215 4245 390 4309 levandum
415 4251 481 4308 octo
551 4189 557 4287 l
583 4243 824 4307 Dunolmensis
852 4242 1042 4325 Episcopus
1068 4240 1193 4304 dilecto
1220 4238 1289 4303 tilio

177 4348 328 4413 denarios
349 4349 387 4412 dc
405 4369 524 4413 nterea.
551 4308 557 4414 l
580 4347 720 4411 domino
748 4346 917 4411 Willelmo
950 4346 993 4409 de
1022 4345 1185 4410 Burdona
1215 4363 1289 4426 per·

177 4462 279 4534 petuo
307 4454 435 4517 vicario
464 4452 553 4516 Novi
582 4451 692 4516 Casiri
721 4451 869 4517 salutem
893 4451 1041 4536 gratiam
1065 4456 1100 4514 et
1128 4446 1289 4515 benedic-

351 4585 369 4648 5
