2918 5010
202 352 264 434 156
586 355 759 421 Recorros
783 373 830 420 os
854 373 926 422 rna

200 547 393 632 contigerit,
423 569 461 611 ac
489 548 595 612 etiam
622 548 704 612 locis
731 555 766 612 et
794 548 925 624 diebus,
954 550 999 614 ad
1026 570 1115 635 quae
1143 549 1198 614 vel
1225 572 1315 636 quos

201 651 310 735 ipsam
357 653 639 717 convocationem
685 654 867 738 contigerit
913 655 1099 740 prorogari,
1147 676 1188 720 ac
1234 676 1314 721 cum

201 757 363 841 praelatis
391 765 425 821 et
454 757 543 822 clero
571 757 613 822 de
641 758 801 823 omnibus
830 765 864 822 et
893 758 1034 843 singulis
1062 759 1191 824 ibidem
1219 780 1312 825 com-

200 861 458 937 municandum,
486 861 717 937 tractandum,
744 863 867 938 ethis,
893 884 982 948 quae
1007 864 1134 928 ibidem
1160 864 1312 930 ordinari

200 966 392 1052 contigerit,
419 967 713 1043 consentiendum,
740 989 818 1033 cum
844 968 987 1033 caeteris
1012 969 1172 1034 clausulis
1198 991 1312 1035 neces·

200 1071 297 1136 sariis
312 1078 346 1135 et
361 1072 574 1156 opportunis,
622 1072 699 1155 Quo
714 1072 768 1136 die
784 1073 900 1138 Lunae
915 1073 1132 1149 adveniente,
1149 1073 1312 1157 praelatis

201 1183 235 1240 et
255 1175 344 1239 clero
363 1196 441 1239 cum
461 1196 579 1239 eorum
599 1175 827 1241 referendario
851 1177 885 1241 in
910 1176 1018 1242 Novis
1042 1178 1173 1242 Scholis
1194 1199 1311 1244 coram

201 1279 475 1364 praesidentibus
507 1278 764 1344 convocationis
797 1282 921 1347 iterum
952 1282 1244 1366 comparentibus
1276 1291 1311 1348 et

200 1386 457 1450 convocationis
510 1384 769 1461 dissolutionem
822 1385 1090 1469 postulantibus
1148 1385 1310 1452 dominus

200 1488 440 1554 Dunelmensis
486 1490 605 1554 habita
651 1509 753 1573 super
799 1489 917 1573 petitis
962 1489 1219 1566 deliberatione,
1267 1491 1312 1555 ad

199 1595 386 1658 instantem
407 1594 692 1677 supplicationem
713 1592 945 1678 praelatorum
966 1597 1000 1656 et
1021 1593 1110 1668 cleri,
1133 1614 1172 1658 ac
1193 1613 1310 1658 eorum

199 1698 427 1774 referendarii,
448 1698 731 1763 convocationem
751 1697 854 1761 istam
874 1717 981 1781 usque
1001 1697 1035 1761 in
1054 1696 1145 1761 diem
1165 1696 1309 1763 Sabbati

199 1803 353 1889 proxime
410 1810 488 1888 post
545 1801 716 1887 synodum
774 1802 966 1887 proximam
1024 1802 1153 1866 domini
1204 1803 1307 1868 Ebor.

199 1908 443 1993 archiepiscopi
464 1907 498 1972 in
519 1908 622 1972 domo
641 1906 822 1991 capitulari
844 1906 970 1970 ibidem
990 1906 1219 1972 continuavit.

287 2039 592 2123 Subsequenteque
622 2058 712 2103 nono
741 2036 795 2101 die
824 2036 950 2100 mensis
979 2036 1189 2118 Septembris
1217 2058 1309 2101 anno

199 2141 338 2206 Domini
360 2160 566 2207 dccccxxvr
589 2143 623 2207 in
645 2141 775 2226 capella
789 2140 877 2205 inira
890 2140 1080 2204 manerium
1101 2140 1309 2206 reverendis-

197 2247 273 2312 simi
297 2248 331 2312 in
356 2246 491 2311 Christo
515 2247 623 2331 patris
646 2252 680 2311 et
704 2245 845 2320 domini,
870 2244 998 2309 domini
1024 2244 1204 2327 Jolrannis,
1242 2246 1306 2310 Dei

196 2351 309 2437 gratia
366 2352 468 2415 Ebor.
529 2349 785 2435 archiepiscopi,
846 2349 988 2433 Angliae
1046 2349 1214 2434 primatis,
1273 2358 1308 2415 et

197 2455 405 2540 apostolicae
421 2455 510 2518 sedis
526 2454 640 2539 legati,
659 2454 701 2517 de
717 2453 862 2517 Cawode
884 2474 965 2517 suae
989 2454 1090 2518 Ebor.
1116 2454 1308 2520 dioeceseos

196 2560 327 2625 situata
369 2567 403 2623 et
446 2579 561 2622 coram
605 2559 724 2621 eodem
768 2558 1050 2623 reverendissimo
1092 2565 1201 2643 patre,
1246 2581 1308 2644 pro

197 2663 360 2729 tribunali
396 2664 535 2727 sedente
572 2663 765 2746 comparuit
802 2662 979 2746 praelatus
1016 2664 1122 2728 irater
1157 2664 1308 2729 Thomas

199 2768 402 2842 Riclrmond
428 2767 529 2850 juxta
555 2767 821 2852 assignationem
846 2768 910 2830 sibi
935 2767 1019 2832 alias
1043 2789 1104 2853 per
1128 2769 1306 2835 dominum

198 2875 348 2948 lactarn;
386 2873 439 2936 cui
470 2873 645 2955 praelatus
674 2873 974 2937 reverendissimus
1002 2880 1101 2956 pater
1128 2875 1243 2938 omnia
1272 2883 1306 2940 et

196 2978 339 3064 singula,
364 2983 464 3060 prout
492 2976 525 3040 in
552 2977 638 3040 actis
663 2978 903 3061 suprascriptis
932 2979 1138 3053 continetur,
1166 3000 1205 3043 ac
1227 3000 1307 3044 suas

198 3083 458 3152 submissionem
492 3088 525 3144 et
559 3082 805 3146 contessionem
839 3083 921 3145 alias
954 3102 1014 3165 per
1046 3083 1158 3166 ipsum
1190 3103 1305 3147 eoram

196 3187 446 3256 verreraliilibns
477 3186 509 3249 in
540 3185 674 3250 Christo
704 3187 861 3269 patribus
890 3187 1037 3250 dominis
1067 3187 1209 3261 Tlroma,
1242 3187 1304 3251 Dei

193 3294 302 3381 irradia
350 3291 566 3358 liunelmcnsi
611 3298 644 3354 et
686 3290 855 3355 Willelmo
894 3292 1071 3374 [Barrow],
1109 3292 1305 3364 Carliolensi

196 3399 372 3489 episcopis,
402 3417 441 3461 ac
471 3397 574 3459 fratre
602 3395 772 3459 Willelmo
800 3397 926 3459 abbate
956 3397 1154 3460 monasterii
1183 3398 1306 3462 beatae

199 3504 322 3573 ilar-lav
383 3502 481 3567 libor.
537 3501 777 3564 commissariis
831 3500 977 3584 praefati
1032 3502 1305 3566 reverendissimi

196 3609 302 3697 putris
345 3614 376 3673 et
423 3605 562 3679 domini,
607 3605 736 3668 domini
781 3605 950 3686 Johannis
988 3605 1160 3688 [liempeL
1200 3606 1302 3671 Ebor.

194 3711 449 3801 orvlrlrpiscopi,
502 3709 712 3793 ‹trieterisque
762 3709 924 3792 praelatis
974 3716 1007 3772 et
1058 3711 1147 3774 clero
1200 3711 1303 3789 Ebor,

196 3818 399 3907 rinuirulae.
437 3817 468 3882 in
504 3814 644 3880 consilio
679 3814 879 3896 provinciali
916 3815 949 3879 in
984 3815 1087 3878 domo
1122 3816 1304 3898 capitulari

193 3925 351 3995 mellan
391 3922 489 3989 lilmr.
527 3920 750 4003 corrgrcgatis,
788 3939 848 4002 per
886 3920 998 4001 ipsum
1035 3919 1158 3994 lactus,
1188 3940 1304 4003 super-

195 4029 346 4098 uctalitcr
371 4027 549 4095 recitavit:
575 4025 700 4109 quibus
723 4024 781 4096 sic,
806 4029 844 4086 ut
868 4024 1114 4106 praemittitur,
1139 4025 1302 4100 recitatis,

192 4147 223 4203 ot
260 4155 316 4219 rvi
348 4132 493 4200 eundern
529 4132 667 4196 tratrem
700 4128 868 4191 Tlromam
903 4128 1135 4191 Riclremonde
1167 4129 1302 4211 publice.

193 4240 317 4307 rbuloiu
340 4237 550 4306 volitamus.
574 4234 616 4299 ‹lc
639 4233 804 4298 mandato
824 4233 907 4296 dicti
928 4233 1056 4296 domini
1076 4233 1302 4299 Eboracensis

192 4346 444 4426 anlmpnropr.
489 4340 589 4407 nutis
627 4339 852 4403 sacrosanctis
891 4337 1085 4421 evangeliis
1126 4340 1301 4420 corporale

192 4462 361 4531 roacsntu
385 4456 616 4525 rurmucutuur
636 4445 817 4510 verborum
837 4443 1054 4526 sequentium
1074 4441 1137 4503 sub
1158 4449 1298 4518 tenore;
