2918 5010
476 351 680 418 Nonrnanu
705 351 975 419 Convocanon,

638 543 805 610 XXXVI.

245 711 336 788 [Rot.
354 711 471 783 Claus,
490 726 527 788 25
546 711 634 772 Edw.
656 711 716 782 ΙΙΙ,
734 730 776 770 m.
796 713 843 780 28,
862 712 972 787 dorsol.

198 884 259 948 Pro
275 885 358 950 clero
399 904 405 917 '
510 886 595 961 Rex,
627 892 704 959 etc,
736 885 922 949 venerabili
955 885 988 950 in
1020 885 1156 950 Christo
1187 885 1277 968 patri

224 989 320 1055 Ebor.
392 920 399 1063 Ι
421 989 604 1073 Wlillelmo
647 989 689 1053 de
733 990 765 1053 la
808 989 956 1071 Zouche]
1003 989 1124 1053 eadem
1166 989 1277 1074 gratia

184 1095 371 1176 provinciae
420 1093 684 1177 Archiepiscopo
709 1093 929 1166 Eboracensi,
957 1094 1099 1179 Angliae
1126 1093 1276 1178 primati¹

171 1200 378 1264 conuocando.
419 1198 575 1262 salutem.
644 1197 732 1282 Quia
782 1218 861 1261 curn
914 1198 1111 1262 adversario
1161 1203 1279 1262 nostro

173 1302 330 1368 Franciae
352 1322 472 1386 pacem
494 1302 549 1365 vel
569 1309 706 1386 treugas
727 1302 852 1366 habere
875 1303 1103 1386 nequivimus,
1125 1303 1185 1366 scd
1207 1302 1279 1386 ipse

172 1412 273 1472 terras
301 1414 437 1472 nostras
465 1406 498 1469 in
528 1406 685 1488 partibus
713 1407 840 1469 exteris
868 1407 976 1470 indies
1005 1407 1179 1471 destruere
1209 1427 1277 1483 non

171 1510 308 1586 desinet,
340 1518 374 1575 et
406 1516 518 1574 totam
553 1516 724 1574 armatam
757 1511 950 1593 potentiam
985 1532 1089 1594 quam
1121 1511 1277 1597 colligere

172 1615 304 1698 poterit,
324 1615 368 1679 ad
388 1615 472 1679 fines
491 1615 583 1698 regni
602 1615 711 1678 nostri
730 1614 873 1699 Angliae
891 1621 925 1677 et
945 1615 1089 1679 aliarum
1109 1622 1276 1681 terrarum

172 1726 361 1784 nostrarum
386 1718 621 1784 invadendum
647 1725 681 1782 et
707 1718 751 1782 ad
777 1718 867 1782 idem
894 1739 1034 1802 regnum
1059 1726 1216 1784 nostrum
1242 1727 1276 1784 et

172 1824 332 1907 populum
374 1824 558 1889 eorundem
602 1824 694 1908 regni
738 1830 772 1886 et
819 1832 986 1887 terrarum
1029 1825 1275 1889 destruendum

171 1948 369 2014 congregare
392 1929 485 2002 iacit,
510 1928 598 1992 sicut
622 1926 911 1991 certitudinaliter
933 1948 1051 1992 sumus
1075 1929 1274 2002 iniormati;

172 2039 306 2116 propter
342 2032 435 2117 quod
473 2053 636 2117 magnum
674 2052 772 2115 posse
810 2032 988 2096 hominum
1026 2033 1071 2096 ad
1108 2053 1204 2097 anna
1241 2039 1275 2096 et

172 2144 378 2202 armatorum
397 2137 442 2201 ad
460 2137 685 2201 necessariam
705 2135 938 2200 defensionem
959 2136 1109 2219 ipsorum
1129 2138 1222 2222 regni
1241 2144 1275 2201 et

173 2247 334 2306 terranrm
346 2247 467 2305 contra
480 2247 615 2304 tantam
629 2240 798 2303 malitiam
812 2241 1047 2304 machinatam
1060 2261 1273 2326 congregare,

172 2353 201 2410 et
226 2346 271 2410 ad
297 2346 361 2409 hoc
387 2365 554 2428 expensas
581 2344 815 2427 importabiles
842 2365 1013 2428 apponere
1039 2366 1100 2409 nos
1126 2354 1274 2429 oportet,

172 2457 201 2513 et
230 2471 271 2515 eo
301 2456 484 2534 praetextu
514 2448 718 2513 venerabilis
748 2454 848 2532 pater
878 2449 1008 2530 Slimon
1042 2449 1134 2532 lslipl
1168 2450 1275 2514 archi-

172 2555 345 2639 episcopus
375 2553 617 2618 cantuarensis
647 2553 881 2635 suffraganeos
912 2560 945 2617 et
976 2553 1104 2617 clerum
1134 2574 1273 2619 suorum

172 2657 328 2722 dioecesis
347 2665 382 2721 et
402 2657 597 2740 provinciae
618 2656 862 2721 Cantuarensis
882 2656 915 2720 in
933 2657 1106 2740 quindena
1124 2659 1275 2723 Paschae

171 2763 320 2844 proxime
340 2761 412 2845 jam
433 2761 550 2825 lutura
567 2760 610 2823 ad
632 2768 791 2843 rogatum
812 2767 968 2824 nostrum
986 2761 1065 2825 lecit
1083 2763 1275 2838 convocari,

171 2887 227 2950 pro
246 2865 455 2949 competenti
476 2864 629 2928 subsidio
653 2864 751 2927 nobis
773 2866 807 2929 in
832 2866 896 2929 hac
917 2872 1014 2949 parte
1034 2867 1274 2942 concedendo;

172 2990 227 3036 vos
249 2970 369 3035 infide
392 2975 425 3032 et
445 2968 628 3032 dilectione
650 2969 776 3052 quibus
799 2970 896 3032 nobis
922 2970 1095 3041 tenemini,
1117 2991 1276 3055 rogamus

170 3082 337 3160 quatenus
348 3073 494 3138 attentis
506 3073 709 3137 necessitate
721 3080 838 3138 nostra
851 3074 1047 3157 hujusmodi
1060 3082 1093 3138 et
1107 3076 1274 3159 periculis,

170 3199 253 3262 quae
292 3199 355 3262 pro
393 3177 531 3241 deiectu
571 3177 776 3242 defensionis
815 3178 1011 3261 hujusmodi
1048 3179 1277 3247 verisimiliter

171 3284 300 3348 evenire
326 3290 476 3365 possent,
504 3283 737 3367 suffraganeos
758 3289 899 3355 vestros,
921 3283 1068 3347 decanos
1090 3291 1124 3347 et
1147 3285 1276 3368 priores

172 3387 384 3453 ecclesiarum
430 3386 690 3460 cathedralium,
733 3387 888 3458 abbates,
932 3388 1068 3470 priores,
1110 3397 1145 3452 et
1192 3390 1276 3455 alios

171 3491 339 3567 electivos‚
378 3498 556 3573 exemptos
593 3497 627 3553 et
667 3511 733 3554 non
769 3497 958 3573 exemptos
998 3513 1128 3557 necnon
1167 3495 1275 3559 archi·

171 3594 339 3671 diaconos,
379 3595 542 3679 capitula,
583 3603 784 3669 conventus,
826 3602 859 3659 et
900 3596 1050 3680 collegia,
1093 3603 1276 3682 totumque

172 3698 294 3765 clerum
323 3707 516 3764 vestrarum
544 3700 736 3763 dioeceseos
762 3707 796 3763 et
824 3700 1020 3782 provinciae
1049 3701 1092 3765 ad
1121 3722 1275 3785 compar-

172 3805 294 3870 endum
321 3825 436 3868 coram
463 3803 561 3868 vobis
590 3804 624 3867 in
652 3803 768 3887 aliquo
794 3811 888 3867 certo
915 3804 989 3868 loco
1020 3825 1080 3887 per
1106 3827 1168 3869 vos
1194 3807 1276 3889 ipsis

173 3910 212 3973 ad
251 3910 315 3973 hoc
353 3909 550 3983 statuendo,
585 3909 629 3972 ad
669 3908 818 3992 aliquem
853 3915 985 3973 certum
1020 3909 1110 3973 diem
1143 3910 1276 3974 circiter

174 4033 319 4078 mensem
343 4012 493 4076 Paschae
512 4014 666 4097 proxime
687 4013 842 4077 [uturum
862 4034 955 4077 more
974 4013 1076 4077 solito
1095 4013 1275 4079 convocari

175 4116 313 4191 faciatis,
337 4124 371 4180 et
394 4117 558 4200 expositis
582 4118 629 4180 eis
655 4118 756 4181 dictis
783 4118 927 4202 negotiis
954 4117 1092 4191 ibidem,
1117 4119 1206 4200 ipsos
1232 4116 1276 4180 ad

175 4220 306 4305 taliquod
327 4227 526 4305 competens
542 4222 733 4285 subsidium
751 4222 849 4285 nobis
870 4222 903 4284 in
925 4221 1165 4286 allevationem
1187 4219 1277 4283 tanti

177 4327 280 4389 oneris
314 4326 571 4391 concedendum
600 4347 679 4389 crnn
707 4326 856 4389 efficacia
887 4325 1067 4397 inducatis,
1093 4331 1128 4387 et
1162 4329 1277 4405 partes

176 4438 302 4495 vestras
322 4431 367 4495 ad
388 4431 453 4494 hoc
474 4430 701 4494 effectualiter
722 4430 927 4513 apponatis:
963 4448 1024 4492 nos
1045 4429 1086 4492 de
1107 4424 1276 4511 qualitate
