2918 5010
554 344 727 411 Reconns
750 362 795 410 or
817 362 889 411 τηη

719 561 746 628 Ι.

174 709 203 773 Α
226 708 369 772 Lernen
392 722 488 769 rnou
511 704 746 769 Ancnrnsuoe
767 703 927 767 Wnrrrn
948 702 1059 769 Gnmr
1084 722 1131 771 ro
1155 707 1292 772 Hunni

263 812 328 885 ΙΙΙ,
361 827 409 874 οη
442 826 512 873 rue
545 825 676 873 aenon
708 825 754 873 or
784 824 855 871 rue
887 807 1019 873 Νοητη
1053 827 1135 875 ann
1169 812 1290 876 Socra

263 917 419 987 erons,
447 931 541 996 1207.

255 1082 376 1160 ttiray..
394 1079 481 1155 Reg..
503 1077 605 1156 Royal
626 1078 749 1137 Letters
768 1077 799 1137 in
819 1077 930 1137 Public
950 1078 1076 1139 Record
1095 1080 1209 1143 Office.
1229 1081 1288 1140 No.

300 1178 381 1253 ²70]-

263 1336 556 1403 Excellentissimo
578 1335 717 1400 domino
739 1356 801 1400 suo
818 1335 966 1400 Henrico
986 1336 1049 1400 Dei
1069 1338 1186 1422 gratia
1205 1337 1289 1424 Regi

174 1444 315 1527 Angline
348 1440 480 1513 illustri,
515 1440 664 1503 Domino
692 1439 887 1514 Hiberniae,
917 1439 1004 1503 Dnci
1038 1439 1286 1517 Normanniae‚

173 1546 380 1633 Aquitaniae
416 1551 450 1609 et
485 1543 608 1608 Comiti
643 1543 895 1629 Andegavensi,
930 1543 982 1608 W.
1017 1545 1141 1609 eadem
1175 1549 1287 1632 gratia

174 1654 276 1718 Ebot.
320 1649 604 1734 archiepiscopus
648 1648 791 1733 Angliae
833 1647 972 1732 primas
1017 1654 1051 1712 et
1097 1648 1288 1733 W[altenrs

176 1757 355 1837 liirlrbam]
379 1761 412 1818 et
434 1754 610 1833 Slilvester
630 1752 802 1835 Everdon]
827 1751 890 1816 Dei
912 1751 1135 1836 permissione
1156 1754 1287 1820 Dunel·

173 1861 298 1927 mensis
318 1868 351 1923 et
375 1856 595 1923 Karliolensis
614 1857 762 1942 episcopi
785 1856 932 1921 salutem
949 1856 983 1920 in
1000 1876 1041 1920 eo
1056 1857 1158 1941 cujus
1174 1860 1287 1943 gratia

174 1987 267 2050 reges
297 1971 450 2047 regnant.
499 1960 691 2044 Maiestatis
717 1967 871 2045 potestas
895 1961 1005 2046 regiae
1028 1967 1063 2024 et
1088 1961 1211 2027 habita
1241 1963 1286 2028 ad

174 2091 354 2157 personam
373 2076 523 2132 vestram
543 2065 680 2129 affectio
698 2065 821 2129 merito
839 2065 995 2150 specialis
1013 2085 1075 2128 nos
1094 2065 1285 2133 admonent

174 2183 207 2241 et
240 2174 406 2239 inducunt
438 2178 475 2235 ut
502 2191 540 2234 ea
566 2191 655 2254 quae
686 2170 729 2234 ad
760 2170 866 2234 vestri
890 2169 1027 2234 honoris
1051 2177 1085 2234 et
1110 2173 1285 2236 commodi

174 2281 422 2345 imrementnm
455 2274 585 2339 faciunt
618 2274 789 2349 affectare,
822 2275 913 2338 votis
944 2274 1077 2349 vestris
1110 2285 1286 2359 quantum

174 2405 252 2449 eum
278 2384 349 2447 Deo
372 2400 563 2465 possumus,
587 2399 789 2443 annuamus
839 2377 999 2463 Receptis
1022 2378 1127 2463 igitur
1149 2379 1283 2445 dudum

173 2488 279 2553 literis
311 2484 505 2570 apostolicis
537 2490 570 2547 et
603 2483 726 2547 vestris
756 2503 834 2547 cum
866 2483 1056 2547 reverentia
1087 2489 1122 2546 et
1155 2485 1283 2549 honore

173 2614 242 2678 quo
270 2590 395 2662 decuit,
424 2588 466 2652 de
498 2587 607 2671 gratia
640 2587 738 2651 nobis
769 2609 789 2652 a
817 2587 956 2652 domino
986 2586 1080 2671 Papa
1108 2608 1280 2663 concessa,

174 2693 449 2763 convocavimus,
497 2698 599 2775 prout
645 2691 819 2755 serenitati
868 2698 947 2756 tuae.
991 2690 1201 2774 scripsimus,
1249 2694 1281 2757 in

173 2799 400 2865 comentione
428 2817 529 2880 snper
558 2798 620 2859 boc
650 2797 766 2860 habita
797 2796 890 2880 apud
919 2796 1065 2870 Blidam,
1094 2795 1218 2881 singuli
1249 2799 1280 2861 in

174 2905 298 2970 nostris
325 2902 534 2966 dioecesibus
561 2902 604 2965 ad
631 2908 742 2964 certos
769 2900 932 2964 terminos
957 2901 1083 2964 clerum
1111 2908 1279 2976 nostrum,

174 3019 205 3075 et
228 3031 305 3074 enin
323 3015 453 3093 (planta
476 3006 651 3091 potuimus
668 3005 844 3089 diligentia
862 3004 1058 3069 induximus
1075 3015 1284 3070 convocatos

176 3124 210 3179 ut
229 3116 260 3178 in
277 3113 544 3178 maturationem
559 3111 663 3174 vestri
678 3110 803 3193 negotii
819 3109 1048 3173 consentirent
1067 3129 1073 3183 ;
1112 3111 1282 3193 aquibus,

175 3221 250 3283 lieet
271 3220 335 3282 sub
355 3216 466 3279 verbis
485 3216 598 3287 variis,
619 3235 817 3297 responsum
837 3213 1025 3296 recepimus
1043 3214 1282 3289 subnotatum,

175 3325 238 3388 via.
260 3323 352 3408 qnod
377 3342 454 3384 enm
479 3321 610 3383 dietum
637 3319 811 3403 negotium
834 3325 943 3381 totam
966 3324 1086 3402 tangat
1107 3319 1283 3384 ecclesiam

175 3430 409 3510 Anglieanam,
455 3445 494 3488 ac
539 3425 571 3487 in
618 3423 744 3487 talibus
788 3422 978 3486 communis
1023 3423 1112 3487 inter
1155 3425 1284 3489 clerum

176 3534 353 3615 utriusque
385 3528 589 3614 provinciae,
622 3526 843 3590 liboraeensis
871 3525 935 3589 via.
965 3534 999 3589 et
1028 3526 1283 3601 Cantuarensis‚

174 3635 350 3701 consuevit
374 3640 543 3696 tractatus
564 3632 690 3704 baberi,
712 3639 898 3715 antequam
919 3640 1051 3695 certum
1071 3632 1214 3698 daretur
1236 3655 1285 3698 re·

175 3759 348 3825 sponsum,
364 3758 381 3800 a
400 3736 503 3799 modo
523 3737 579 3799 illo
593 3736 745 3799 recedere
759 3757 826 3799 non
844 3734 987 3798 eredunt
1006 3756 1077 3799 esse
1093 3757 1284 3821 congruum

175 3846 228 3909 vel
245 3846 437 3914 homstnm,
454 3847 486 3903 et
504 3839 589 3913 ideo,
607 3840 846 3922 praetermisso
862 3838 921 3901 tali
939 3846 1103 3912 tractatu,
1118 3841 1283 3906 differunt

175 3947 385 4032 res1nmdere.
434 3944 510 4028 Quo
553 3943 672 4006 habito
718 3943 983 4027 respondebunt,
1029 3952 1067 4006 nt
1112 3954 1283 4022 asserunt,

174 4053 360 4117 seeundum
377 4050 471 4134 quod
487 4047 617 4112 dederit
635 4047 682 4109 eis
700 4047 802 4121 Deus,
821 4046 978 4110 ecclesiae
995 4048 1119 4110 vestris
1135 4055 1169 4112 et
1188 4053 1283 4134 regni

174 4158 280 4224 nostri
333 4154 541 4219 utilitatibus
591 4151 819 4215 communiter
867 4150 1074 4234 ponderatis,
1150 4151 1284 4218 Datum

175 4265 277 4328 libor.
303 4261 324 4344 ij
355 4260 434 4323 ldns
462 4257 634 4342 Septemb.
661 4272 731 4319 nn.
758 4272 891 4318 ntn'vu.
940 4253 1061 4316 Valeat
1092 4253 1288 4320 dominatio

174 4376 288 4432 vestra
309 4387 369 4451 per
389 4374 544 4449 tempora
566 4361 725 4445 longiora.
