2918 5010
472 361 674 426 Nonrurnu
707 360 977 426 Convocamo'u.
1234 375 1274 440 41

172 553 402 628 Dunelmensi,
443 554 573 618 Thoma
613 552 786 618 Candidae
821 553 926 618 Casae
961 553 1139 638 episcopis,
1172 552 1277 637 ipsius

171 659 296 725 domini
336 659 578 743 archiepiscopi
613 664 648 721 01
686 657 845 722 ecclesiae
890 659 993 723 Ebor.
1042 656 1276 743 suffraganeis,

172 764 306 830 decanis
347 764 452 848 ipsius
494 763 652 827 ecclesiae
698 763 813 837 Ebor.,
855 769 890 826 et
929 763 1149 828 ecclesiarum
1184 782 1279 846 prae-

172 869 368 934 bendalium
412 868 454 932 dc
498 867 670 942 Auklaud,
716 867 759 932 de
804 867 997 940 Lancestre,
1039 866 1279 932 archidiacono

173 972 412 1057 Clyvelaudiae
458 972 658 1036 cancellario
707 971 866 1036 ecclesiae
914 973 1016 1036 Ebor.
1058 972 1090 1037 S.
1131 971 1169 1036 T.
1211 971 1277 1045 1).;

172 1079 355 1143 abbatibus
382 1078 503 1141 beatae
531 1077 657 1140 Mariae
687 1076 787 1139 Ebor.
814 1076 856 1140 de
882 1076 1078 1150 Kirkstalle,
1103 1077 1145 1141 de
1167 1075 1278 1159 Rupe,

170 1183 207 1246 dc
250 1181 395 1256 Rievall,
437 1182 478 1245 de
519 1179 731 1264 Roughlord,
772 1179 814 1243 de
858 1180 973 1255 Melsa,
1014 1180 1055 1244 de
1100 1180 1278 1254 Fontibus,

172 1286 209 1350 de
238 1289 403 1369 FurneyS,
434 1286 475 1350 de
504 1284 634 1359 Calder,
664 1283 706 1347 de
735 1284 943 1359 Cokersaud,
973 1284 1015 1348 de
1045 1284 1207 1368 Jerovall,
1237 1283 1279 1348 de

173 1392 371 1465 Coverham,
398 1390 439 1454 de
465 1391 592 1454 Sancta
616 1389 764 1474 Agatha,
786 1388 828 1452 de
854 1389 1027 1474 Egleston,
1054 1397 1087 1453 et
1113 1390 1155 1454 (10
1180 1388 1281 1454 Novo

173 1495 402 1570 llonasteri0;
435 1495 604 1578 prioribus
632 1494 770 1578 insuper
801 1494 947 1559 Sanctae
972 1494 1151 1559 Trinitatis
1176 1495 1278 1560 Ebor.

172 1600 284 1664 Sancti
301 1599 459 1663 Andreae
477 1600 593 1673 libor„
611 1599 729 1661 Sancti
751 1598 903 1663 Oswaldi
928 1598 969 1662 de
987 1599 1220 1673 Pontelracto,
1238 1598 1280 1663 de

174 1705 276 1779 Drax,
304 1705 346 1768 de
374 1705 554 1777 Brcctoua,
581 1703 623 1767 de
649 1702 863 1786 (iyseburna,
891 1703 932 1766 de
959 1702 1059 1767 Novo
1087 1704 1211 1788 Burgo,
1238 1702 1280 1766 de

174 1809 313 1883 llalton,
328 1809 370 1873 de
388 1809 534 1882 Marton,
549 1806 1121 1890 (10111000111011011ςο11000Ῑο
1136 1806 1281 1890 Fellcye,

173 1913 211 1978 de
236 1915 462 1996 hlatherseye,
487 1913 528 1976 de
558 1912 667 1986 Blida,
692 1912 734 1974 de
759 1911 1007 1996 Bridelington,
1032 1911 1073 1975 (10
1100 1911 1280 1985 Kirkham,

173 2018 212 2082 de
225 2018 371 2092 Wartre,
390 2024 423 2080 et
441 2017 482 2081 de
501 2015 677 2089 Ellerton;
703 2016 903 2080 doctoribus
920 2015 1025 2080 etiam
1045 2015 1078 2080 10
1097 2015 1282 2100 theologia,

174 2123 344 2209 magistris
364 2122 497 2186 Thoma
520 2120 561 2184 de
589 2119 751 2203 Clyfford,
777 2120 937 2203 Johanne
966 2119 1097 2197 Gower,
1123 2119 1282 2205 Philippo

174 2228 213 2292 de
244 2227 440 2301 Beverlaco,
473 2225 637 2289 iratribus
666 2223 821 2288 Galirido
852 2224 894 2288 de
924 2225 1084 2310 Haxeby,
1114 2226 1284 2290 monacho
1335 2286 1339 2293 .

174 2332 331 2397 ecclesiae
344 2330 593 2403 Dunelmensis,
606 2330 733 2393 abbate
745 2329 787 2393 de
799 2328 1076 2412 Ryevall,Adam
1087 2330 1129 2394 de
1143 2330 1284 2396 lincoln

175 2436 213 2501 de
249 2436 379 2502 Ordine
416 2435 598 2509 lliuorum,
635 2433 768 2497 Thomu
799 2433 841 2497 de
878 2434 1099 2499 Pontelracto
1130 2435 1283 2518 ejusdem

175 2541 311 2613 ordinis,
359 2539 531 2603 Richardo
575 2539 616 2602 de
657 2538 888 2621 Wetewange,
926 2539 967 2603 de
1003 2540 1131 2604 Ordine
1167 2539 1284 2604 Sancti

174 2644 367 2729 Augustini,
393 2651 427 2706 et
450 2643 581 2707 Thoma
603 2642 645 2706 de
669 2642 869 2717 Middletou,
894 2642 936 2706 de
956 2644 1085 2708 Ordine
1107 2643 1284 2708 Praedica-

175 2755 288 2813 torum
301 2769 307 2822 ;
328 2754 361 2811 et
379 2747 464 2830 juris
474 2747 628 2811 canonici
642 2746 891 2829 professoribus
904 2748 1075 2832 magistris
1089 2746 1230 2813 Nicolao
1242 2748 1285 2813 de

173 2854 296 2926 Oxon„
317 2851 465 2915 Ricardo
492 2851 534 2915 de
558 2850 700 2924 Cestria,
719 2858 752 2914 et
777 2850 931 2916 Roberto
955 2850 998 2915 de
1022 2851 1224 2937 Sancthorp,
1246 2874 1285 2917 ac

174 2957 247 3020 aliis
263 2956 486 3040 jurisperitis;
513 2956 546 3020 iu
563 2954 786 3019 multitudine
813 2955 940 3020 ibidem
960 2958 1183 3040 personaliter
1199 2957 1285 3021 exis·

175 3062 328 3126 tentibus
371 3059 566 3133 abbatibus,
611 3059 790 3141 prioribus,
834 3059 982 3135 decanis
1026 3060 1284 3137 archidiaconis,

174 3165 387 3250 praepositis,
421 3162 633 3238 custodibus,
666 3162 842 3239 ministris
876 3163 1036 3248 capitulis
1068 3164 1284 3231 ecclesiarum

175 3277 246 3336 tam
278 3268 529 3334 cathedralium
560 3289 665 3352 quam
697 3267 966 3353 collegiatarum,
999 3276 1032 3332 et
1061 3269 1284 3353 spiritualita-

175 3376 267 3441 tibus
281 3374 477 3459 praedictae
491 3374 593 3438 libor.
608 3373 800 3437 dioeceseos
812 3393 872 3457 per
885 3381 1122 3457 procuratores
1135 3374 1283 3460 legitime

174 3481 393 3553 constitutos,
414 3479 662 3563 praesentibus,
682 3477 817 3562 publice
836 3477 1015 3562 proposuit
1034 3481 1177 3544 verbum
1197 3480 1260 3544 Dei
1276 3500 1283 3556 ;

174 3585 272 3669 cnjus
304 3586 420 3649 thema
453 3583 540 3648 luit:
581 3581 850 3646 “Multitudinis
880 3581 1093 3648 credentium
1124 3592 1197 3649 erat
1228 3606 1285 3650 001

176 3710 283 3754 1101110
303 3696 336 3753 01
356 3689 471 3752 anima
490 3687 592 3751 uua.''
641 3687 717 3770 Quo
735 3705 890 3750 sermone
909 3684 1018 3761 finito,
1039 3687 1126 3752 lecta
1145 3688 1285 3756 fuerunt

175 3794 345 3879 quaedam
383 3791 635 3864 certificatoria,
672 3810 779 3854 uuum
818 3789 945 3855 scilicet
985 3791 1095 3874 primo
1133 3793 1285 3860 officialis

175 3900 286 3962 curiae
324 3898 439 3969 Ebot,
475 3895 567 3959 aliud
603 3894 731 3959 domiui
770 3895 1010 3960 Dunelmensis
1043 3897 1214 3982 Episcopi,
1249 3908 1284 3965 et

173 4001 303 4067 domini
332 4000 552 4065 Karlioleusis
575 4000 746 4085 Episcopi,
765 4008 798 4064 et
819 4008 984 4085 quartum
1009 4001 1158 4085 Capituli
1179 4004 1282 4070 Ebur.

175 4107 345 4175 ecclesiae,
363 4104 479 4190 sigillis
502 4107 732 4188 pendentibus
755 4105 901 4189 signata,
919 4125 1022 4189 super
1044 4107 1284 4176 vocationibus

176 4211 252 4274 cleri
278 4210 322 4273 ad
348 4210 480 4273 dictum
505 4207 712 4292 provinciale
737 4208 918 4273 concilium
943 4209 985 4273 de
1009 4210 1176 4276 mandato
1200 4213 1283 4278 dicti

177 4315 304 4379 domini
324 4313 567 4397 archiepiscopi
587 4312 702 4387 lacta;
728 4312 928 4396 vocatisque
947 4316 1169 4398 postmodum
1187 4338 1282 4401 prae-

178 4418 265 4494 latis,
291 4427 324 4483 et
350 4418 493 4483 caeteris
518 4416 734 4480 ecclesiarum
759 4417 912 4500 personis
936 4418 969 4506 in
994 4419 1096 4484 dictis
1119 4422 1282 4488 certifica-
