<?xml version="1.0" encoding="UTF-8"?>
<!DOCTYPE html PUBLIC "-//W3C//DTD XHTML 1.0 Transitional//EN"
    "http://www.w3.org/TR/xhtml1/DTD/xhtml1-transitional.dtd">
<html xmlns="http://www.w3.org/1999/xhtml" xml:lang="en" lang="en">
 <head>
  <title>
</title>
<meta http-equiv="Content-Type" content="text/html;charset=utf-8" />
  <meta name='ocr-system' content='tesseract 3.04.00' />
  <meta name='ocr-capabilities' content='ocr_page ocr_carea ocr_par ocr_line ocrx_word'/>
</head>
<body>
  <div class='ocr_page' id='page_1' title='image "./recordsnorthern00convgoog_0214.png"; bbox 0 0 2918 5010; ppageno 0'>
   <div class='ocr_carea' id='block_1_1' title="bbox 480 372 1283 455">
    <p class='ocr_par' dir='ltr' id='par_1_1' title="bbox 480 372 1283 455">
     <span class='ocr_line' id='line_1_1' title="bbox 480 372 1283 455; baseline -0.002 -17"><span class='ocrx_word' id='word_1_1' title='bbox 480 372 682 440; x_wconf 80' lang='lat' dir='ltr'>Nourrruuu</span> <span class='ocrx_word' id='word_1_2' title='bbox 708 372 978 438; x_wconf 74' lang='lat' dir='ltr'>Couvocarrou.</span> <span class='ocrx_word' id='word_1_3' title='bbox 1242 373 1283 455; x_wconf 89' lang='lat'>87</span> 
     </span>
    </p>
   </div>
   <div class='ocr_carea' id='block_1_2' title="bbox 170 564 1301 4403">
    <p class='ocr_par' dir='ltr' id='par_1_2' title="bbox 170 564 1301 4403">
     <span class='ocr_line' id='line_1_2' title="bbox 176 564 1282 650; baseline -0.003 -20"><span class='ocrx_word' id='word_1_4' title='bbox 176 567 299 631; x_wconf 85' lang='lat' dir='ltr'>ficatus</span> <span class='ocrx_word' id='word_1_5' title='bbox 330 566 535 631; x_wconf 83' lang='lat' dir='ltr'>sanctissimi</span> <span class='ocrx_word' id='word_1_6' title='bbox 569 567 601 630; x_wconf 91' lang='lat' dir='ltr'>in</span> <span class='ocrx_word' id='word_1_7' title='bbox 635 565 770 630; x_wconf 83' lang='lat' dir='ltr'>Christo</span> <span class='ocrx_word' id='word_1_8' title='bbox 802 566 911 650; x_wconf 90' lang='lat' dir='ltr'>patris</span> <span class='ocrx_word' id='word_1_9' title='bbox 942 572 977 629; x_wconf 90' lang='lat' dir='ltr'>et</span> <span class='ocrx_word' id='word_1_10' title='bbox 1009 564 1139 629; x_wconf 91' lang='lat' dir='ltr'>domini</span> <span class='ocrx_word' id='word_1_11' title='bbox 1175 564 1282 630; x_wconf 82' lang='lat' dir='ltr'>nostri</span> 
     </span>
     <span class='ocr_line' id='line_1_3' title="bbox 175 670 1283 754; baseline -0.001 -20"><span class='ocrx_word' id='word_1_12' title='bbox 175 671 312 736; x_wconf 90' lang='lat' dir='ltr'>Domini</span> <span class='ocrx_word' id='word_1_13' title='bbox 339 671 523 735; x_wconf 85' lang='lat' dir='ltr'>Clementis</span> <span class='ocrx_word' id='word_1_14' title='bbox 549 671 666 735; x_wconf 91' lang='lat' dir='ltr'>divina</span> <span class='ocrx_word' id='word_1_15' title='bbox 692 671 910 753; x_wconf 89' lang='lat' dir='ltr'>providentia</span> <span class='ocrx_word' id='word_1_16' title='bbox 938 671 1052 754; x_wconf 84' lang='lat' dir='ltr'>Papae</span> <span class='ocrx_word' id='word_1_17' title='bbox 1077 670 1165 734; x_wconf 85' lang='lat' dir='ltr'>sexti</span> <span class='ocrx_word' id='word_1_18' title='bbox 1192 689 1283 734; x_wconf 91' lang='lat' dir='ltr'>anno</span> 
     </span>
     <span class='ocr_line' id='line_1_4' title="bbox 174 772 1283 857; baseline -0.004 -18"><span class='ocrx_word' id='word_1_19' title='bbox 174 795 275 848; x_wconf 90' lang='lat' dir='ltr'>non0,</span> <span class='ocrx_word' id='word_1_20' title='bbox 298 776 424 840; x_wconf 81' lang='lat' dir='ltr'>mensis</span> <span class='ocrx_word' id='word_1_21' title='bbox 447 775 526 838; x_wconf 87' lang='lat' dir='ltr'>Maii</span> <span class='ocrx_word' id='word_1_22' title='bbox 550 775 604 838; x_wconf 91' lang='lat' dir='ltr'>die</span> <span class='ocrx_word' id='word_1_23' title='bbox 627 775 897 848; x_wconf 89' lang='lat' dir='ltr'>octavodecimo,</span> <span class='ocrx_word' id='word_1_24' title='bbox 921 775 955 838; x_wconf 91' lang='lat' dir='ltr'>in</span> <span class='ocrx_word' id='word_1_25' title='bbox 978 773 1082 837; x_wconf 89' lang='lat' dir='ltr'>domo</span> <span class='ocrx_word' id='word_1_26' title='bbox 1103 772 1283 857; x_wconf 78' lang='lat' dir='ltr'>capitulari</span> 
     </span>
     <span class='ocr_line' id='line_1_5' title="bbox 175 877 1284 951; baseline -0.001 -10"><span class='ocrx_word' id='word_1_27' title='bbox 175 878 333 943; x_wconf 82' lang='lat' dir='ltr'>ecclesiae</span> <span class='ocrx_word' id='word_1_28' title='bbox 368 879 574 943; x_wconf 87' lang='lat' dir='ltr'>cathedralis</span> <span class='ocrx_word' id='word_1_29' title='bbox 611 879 704 942; x_wconf 90' lang='lat' dir='ltr'>beati</span> <span class='ocrx_word' id='word_1_30' title='bbox 742 879 831 943; x_wconf 91' lang='lat' dir='ltr'>Petri</span> <span class='ocrx_word' id='word_1_31' title='bbox 869 878 1105 951; x_wconf 84' lang='lat' dir='ltr'>Eboracensis,</span> <span class='ocrx_word' id='word_1_32' title='bbox 1143 897 1182 941; x_wconf 89' lang='lat' dir='ltr'>ac</span> <span class='ocrx_word' id='word_1_33' title='bbox 1218 877 1284 941; x_wconf 90' lang='lat' dir='ltr'>mei</span> 
     </span>
     <span class='ocr_line' id='line_1_6' title="bbox 175 982 1284 1067; baseline -0.003 -19"><span class='ocrx_word' id='word_1_34' title='bbox 175 984 298 1048; x_wconf 89' lang='lat' dir='ltr'>notarii</span> <span class='ocrx_word' id='word_1_35' title='bbox 339 983 465 1067; x_wconf 90' lang='lat' dir='ltr'>publici</span> <span class='ocrx_word' id='word_1_36' title='bbox 507 983 689 1067; x_wconf 82' lang='lat' dir='ltr'>subscripti</span> <span class='ocrx_word' id='word_1_37' title='bbox 731 990 764 1046; x_wconf 88' lang='lat' dir='ltr'>et</span> <span class='ocrx_word' id='word_1_38' title='bbox 807 983 946 1047; x_wconf 85' lang='lat' dir='ltr'>testium</span> <span class='ocrx_word' id='word_1_39' title='bbox 988 982 1284 1064; x_wconf 79' lang='lat' dir='ltr'>infrascriptorum</span> 
     </span>
     <span class='ocr_line' id='line_1_7' title="bbox 177 1084 1284 1172; baseline -0.003 -20"><span class='ocrx_word' id='word_1_40' title='bbox 177 1088 370 1172; x_wconf 85' lang='lat' dir='ltr'>praesentia</span> <span class='ocrx_word' id='word_1_41' title='bbox 398 1088 610 1151; x_wconf 91' lang='lat' dir='ltr'>constitutus</span> <span class='ocrx_word' id='word_1_42' title='bbox 638 1087 863 1170; x_wconf 80' lang='lat' dir='ltr'>personaliter</span> <span class='ocrx_word' id='word_1_43' title='bbox 895 1107 1009 1150; x_wconf 88' lang='lat' dir='ltr'>eoram</span> <span class='ocrx_word' id='word_1_44' title='bbox 1036 1084 1222 1150; x_wconf 87' lang='lat' dir='ltr'>venerabili</span> <span class='ocrx_word' id='word_1_45' title='bbox 1251 1085 1284 1149; x_wconf 91' lang='lat' dir='ltr'>in</span> 
     </span>
     <span class='ocr_line' id='line_1_8' title="bbox 174 1189 1284 1276; baseline -0.004 -20"><span class='ocrx_word' id='word_1_46' title='bbox 174 1192 309 1256; x_wconf 89' lang='lat' dir='ltr'>Christo</span> <span class='ocrx_word' id='word_1_47' title='bbox 342 1199 439 1274; x_wconf 91' lang='lat' dir='ltr'>patre</span> <span class='ocrx_word' id='word_1_48' title='bbox 472 1192 613 1255; x_wconf 89' lang='lat' dir='ltr'>domino</span> <span class='ocrx_word' id='word_1_49' title='bbox 646 1191 804 1273; x_wconf 84' lang='lat' dir='ltr'>Jolianne</span> <span class='ocrx_word' id='word_1_50' title='bbox 838 1191 901 1254; x_wconf 90' lang='lat' dir='ltr'>Dei</span> <span class='ocrx_word' id='word_1_51' title='bbox 933 1191 1044 1276; x_wconf 89' lang='lat' dir='ltr'>gratia</span> <span class='ocrx_word' id='word_1_52' title='bbox 1080 1189 1284 1254; x_wconf 87' lang='lat' dir='ltr'>Karliolensi</span> 
     </span>
     <span class='ocr_line' id='line_1_9' title="bbox 175 1294 1285 1380; baseline -0.001 -21"><span class='ocrx_word' id='word_1_53' title='bbox 175 1297 333 1380; x_wconf 88' lang='lat' dir='ltr'>episcopo</span> <span class='ocrx_word' id='word_1_54' title='bbox 357 1302 391 1359; x_wconf 94' lang='lat' dir='ltr'>et</span> <span class='ocrx_word' id='word_1_55' title='bbox 415 1296 563 1358; x_wconf 87' lang='lat' dir='ltr'>discreto</span> <span class='ocrx_word' id='word_1_56' title='bbox 588 1295 661 1358; x_wconf 91' lang='lat' dir='ltr'>viro</span> <span class='ocrx_word' id='word_1_57' title='bbox 686 1295 849 1378; x_wconf 88' lang='lat' dir='ltr'>Magistro</span> <span class='ocrx_word' id='word_1_58' title='bbox 875 1294 1030 1359; x_wconf 88' lang='lat' dir='ltr'>Gilberto</span> <span class='ocrx_word' id='word_1_59' title='bbox 1058 1295 1100 1358; x_wconf 91' lang='lat' dir='ltr'>de</span> <span class='ocrx_word' id='word_1_60' title='bbox 1124 1294 1285 1358; x_wconf 84' lang='lat' dir='ltr'>Weltoun</span> 
     </span>
     <span class='ocr_line' id='line_1_10' title="bbox 170 1396 1284 1465; baseline -0.001 -1"><span class='ocrx_word' id='word_1_61' title='bbox 170 1401 284 1465; x_wconf 91' lang='lat' dir='ltr'>dictae</span> <span class='ocrx_word' id='word_1_62' title='bbox 315 1400 474 1464; x_wconf 86' lang='lat' dir='ltr'>ecclesiae</span> <span class='ocrx_word' id='word_1_63' title='bbox 508 1399 731 1463; x_wconf 84' lang='lat' dir='ltr'>Eboracensis</span> <span class='ocrx_word' id='word_1_64' title='bbox 763 1396 956 1464; x_wconf 84' lang='lat' dir='ltr'>canonico*</span> <span class='ocrx_word' id='word_1_65' title='bbox 986 1399 1217 1464; x_wconf 84' lang='lat' dir='ltr'>asserentibus</span> <span class='ocrx_word' id='word_1_66' title='bbox 1248 1418 1284 1463; x_wconf 85' lang='lat' dir='ltr'>se</span> 
     </span>
     <span class='ocr_line' id='line_1_11' title="bbox 176 1503 1287 1588; baseline 0 -22"><span class='ocrx_word' id='word_1_67' title='bbox 176 1505 379 1568; x_wconf 88' lang='lat' dir='ltr'>venerabilis</span> <span class='ocrx_word' id='word_1_68' title='bbox 402 1504 436 1567; x_wconf 92' lang='lat' dir='ltr'>in</span> <span class='ocrx_word' id='word_1_69' title='bbox 460 1503 596 1567; x_wconf 88' lang='lat' dir='ltr'>Christo</span> <span class='ocrx_word' id='word_1_70' title='bbox 619 1504 727 1586; x_wconf 88' lang='lat' dir='ltr'>patris</span> <span class='ocrx_word' id='word_1_71' title='bbox 751 1503 880 1567; x_wconf 90' lang='lat' dir='ltr'>domini</span> <span class='ocrx_word' id='word_1_72' title='bbox 905 1503 1064 1567; x_wconf 91' lang='lat' dir='ltr'>Willelmi</span> <span class='ocrx_word' id='word_1_73' title='bbox 1089 1503 1151 1567; x_wconf 90' lang='lat' dir='ltr'>Dei</span> <span class='ocrx_word' id='word_1_74' title='bbox 1175 1503 1287 1588; x_wconf 85' lang='lat' dir='ltr'>gratia</span> 
     </span>
     <span class='ocr_line' id='line_1_12' title="bbox 177 1606 1287 1692; baseline 0 -21"><span class='ocrx_word' id='word_1_75' title='bbox 177 1608 400 1672; x_wconf 82' lang='lat' dir='ltr'>Eboracensis</span> <span class='ocrx_word' id='word_1_76' title='bbox 417 1607 672 1690; x_wconf 88' lang='lat' dir='ltr'>archiepiscopi,</span> <span class='ocrx_word' id='word_1_77' title='bbox 691 1606 1019 1692; x_wconf 50' lang='lat' dir='ltr'>Angliae‘primatis</span> <span class='ocrx_word' id='word_1_78' title='bbox 1037 1608 1080 1671; x_wconf 92' lang='lat' dir='ltr'>ad</span> <span class='ocrx_word' id='word_1_79' title='bbox 1100 1607 1287 1671; x_wconf 88' lang='lat' dir='ltr'>tenendum</span> 
     </span>
     <span class='ocr_line' id='line_1_13' title="bbox 177 1710 1288 1795; baseline -0.002 -20"><span class='ocrx_word' id='word_1_80' title='bbox 177 1712 257 1795; x_wconf 92' lang='lat' dir='ltr'>ipsis</span> <span class='ocrx_word' id='word_1_81' title='bbox 284 1712 338 1775; x_wconf 89' lang='lat' dir='ltr'>die</span> <span class='ocrx_word' id='word_1_82' title='bbox 366 1719 400 1775; x_wconf 90' lang='lat' dir='ltr'>et</span> <span class='ocrx_word' id='word_1_83' title='bbox 433 1711 507 1775; x_wconf 90' lang='lat' dir='ltr'>loco</span> <span class='ocrx_word' id='word_1_84' title='bbox 538 1711 715 1795; x_wconf 88' lang='lat' dir='ltr'>quandam</span> <span class='ocrx_word' id='word_1_85' title='bbox 743 1712 1027 1775; x_wconf 88' lang='lat' dir='ltr'>convocationem</span> <span class='ocrx_word' id='word_1_86' title='bbox 1055 1711 1097 1774; x_wconf 90' lang='lat' dir='ltr'>de</span> <span class='ocrx_word' id='word_1_87' title='bbox 1125 1710 1288 1795; x_wconf 87' lang='lat' dir='ltr'>praelatis</span> 
     </span>
     <span class='ocr_line' id='line_1_14' title="bbox 176 1814 1288 1899; baseline -0.004 -19"><span class='ocrx_word' id='word_1_88' title='bbox 176 1823 210 1880; x_wconf 89' lang='lat' dir='ltr'>et</span> <span class='ocrx_word' id='word_1_89' title='bbox 250 1816 339 1881; x_wconf 88' lang='lat' dir='ltr'>clero</span> <span class='ocrx_word' id='word_1_90' title='bbox 381 1816 487 1880; x_wconf 87' lang='lat' dir='ltr'>totius</span> <span class='ocrx_word' id='word_1_91' title='bbox 528 1815 724 1899; x_wconf 89' lang='lat' dir='ltr'>provinciae</span> <span class='ocrx_word' id='word_1_92' title='bbox 765 1815 989 1879; x_wconf 84' lang='lat' dir='ltr'>Eboracensis</span> <span class='ocrx_word' id='word_1_93' title='bbox 1035 1835 1097 1898; x_wconf 92' lang='lat' dir='ltr'>pro</span> <span class='ocrx_word' id='word_1_94' title='bbox 1144 1814 1288 1899; x_wconf 91' lang='lat' dir='ltr'>negotiis</span> 
     </span>
     <span class='ocr_line' id='line_1_15' title="bbox 176 1918 1288 2003; baseline -0.003 -20"><span class='ocrx_word' id='word_1_95' title='bbox 176 1920 404 1985; x_wconf 87' lang='lat' dir='ltr'>salvationem</span> <span class='ocrx_word' id='word_1_96' title='bbox 429 1929 464 1984; x_wconf 89' lang='lat' dir='ltr'>et</span> <span class='ocrx_word' id='word_1_97' title='bbox 489 1920 677 1983; x_wconf 85' lang='lat' dir='ltr'>utilitatem</span> <span class='ocrx_word' id='word_1_98' title='bbox 702 1919 830 1983; x_wconf 90' lang='lat' dir='ltr'>domiui</span> <span class='ocrx_word' id='word_1_99' title='bbox 857 1919 963 1982; x_wconf 88' lang='lat' dir='ltr'>nostri</span> <span class='ocrx_word' id='word_1_100' title='bbox 991 1918 1093 2003; x_wconf 91' lang='lat' dir='ltr'>Regis</span> <span class='ocrx_word' id='word_1_101' title='bbox 1117 1925 1151 1982; x_wconf 89' lang='lat' dir='ltr'>et</span> <span class='ocrx_word' id='word_1_102' title='bbox 1178 1918 1288 2003; x_wconf 83' lang='lat' dir='ltr'>Regni</span> 
     </span>
     <span class='ocr_line' id='line_1_16' title="bbox 176 2023 1288 2108; baseline -0.001 -21"><span class='ocrx_word' id='word_1_103' title='bbox 176 2025 227 2089; x_wconf 92' lang='lat' dir='ltr'>sui</span> <span class='ocrx_word' id='word_1_104' title='bbox 258 2024 399 2108; x_wconf 85' lang='lat' dir='ltr'>Angliae</span> <span class='ocrx_word' id='word_1_105' title='bbox 426 2025 711 2088; x_wconf 81' lang='lat' dir='ltr'>concernentibus</span> <span class='ocrx_word' id='word_1_106' title='bbox 735 2024 818 2088; x_wconf 92' lang='lat' dir='ltr'>inibi</span> <span class='ocrx_word' id='word_1_107' title='bbox 847 2023 1059 2108; x_wconf 89' lang='lat' dir='ltr'>congregatis</span> <span class='ocrx_word' id='word_1_108' title='bbox 1088 2023 1228 2094; x_wconf 88' lang='lat' dir='ltr'>factam,</span> <span class='ocrx_word' id='word_1_109' title='bbox 1253 2028 1288 2086; x_wconf 89' lang='lat' dir='ltr'>et</span> 
     </span>
     <span class='ocr_line' id='line_1_17' title="bbox 178 2126 1289 2193; baseline -0.002 -1"><span class='ocrx_word' id='word_1_110' title='bbox 178 2128 222 2193; x_wconf 86' lang='lat' dir='ltr'>ad</span> <span class='ocrx_word' id='word_1_111' title='bbox 254 2130 476 2193; x_wconf 89' lang='lat' dir='ltr'>tractandum</span> <span class='ocrx_word' id='word_1_112' title='bbox 512 2129 649 2192; x_wconf 89' lang='lat' dir='ltr'>nomine</span> <span class='ocrx_word' id='word_1_113' title='bbox 681 2149 743 2192; x_wconf 89' lang='lat' dir='ltr'>suo</span> <span class='ocrx_word' id='word_1_114' title='bbox 775 2149 853 2191; x_wconf 88' lang='lat' dir='ltr'>cum</span> <span class='ocrx_word' id='word_1_115' title='bbox 890 2127 1017 2191; x_wconf 89' lang='lat' dir='ltr'>eisdem</span> <span class='ocrx_word' id='word_1_116' title='bbox 1049 2126 1289 2191; x_wconf 89' lang='lat' dir='ltr'>commissariis</span> 
     </span>
     <span class='ocr_line' id='line_1_18' title="bbox 179 2231 1288 2317; baseline -0.003 -20"><span class='ocrx_word' id='word_1_117' title='bbox 179 2234 371 2317; x_wconf 86' lang='lat' dir='ltr'>specialiter</span> <span class='ocrx_word' id='word_1_118' title='bbox 398 2233 575 2316; x_wconf 85' lang='lat' dir='ltr'>deputatis</span> <span class='ocrx_word' id='word_1_119' title='bbox 602 2240 635 2296; x_wconf 87' lang='lat' dir='ltr'>et</span> <span class='ocrx_word' id='word_1_120' title='bbox 665 2231 893 2296; x_wconf 88' lang='lat' dir='ltr'>venerabilem</span> <span class='ocrx_word' id='word_1_121' title='bbox 921 2232 955 2296; x_wconf 91' lang='lat' dir='ltr'>in</span> <span class='ocrx_word' id='word_1_122' title='bbox 988 2231 1122 2296; x_wconf 88' lang='lat' dir='ltr'>Christo</span> <span class='ocrx_word' id='word_1_123' title='bbox 1154 2237 1288 2314; x_wconf 89' lang='lat' dir='ltr'>patrem</span> 
     </span>
     <span class='ocr_line' id='line_1_19' title="bbox 179 2335 1289 2420; baseline -0.001 -19"><span class='ocrx_word' id='word_1_124' title='bbox 179 2338 357 2401; x_wconf 88' lang='lat' dir='ltr'>dominum</span> <span class='ocrx_word' id='word_1_125' title='bbox 386 2337 553 2401; x_wconf 86' lang='lat' dir='ltr'>Thomam</span> <span class='ocrx_word' id='word_1_126' title='bbox 582 2337 636 2400; x_wconf 83' lang='lat' dir='ltr'>dei</span> <span class='ocrx_word' id='word_1_127' title='bbox 664 2337 774 2420; x_wconf 87' lang='lat' dir='ltr'>gratia</span> <span class='ocrx_word' id='word_1_128' title='bbox 800 2336 1066 2400; x_wconf 88' lang='lat' dir='ltr'>Dunelmensem</span> <span class='ocrx_word' id='word_1_129' title='bbox 1090 2335 1289 2419; x_wconf 89' lang='lat' dir='ltr'>episcopum</span> 
     </span>
     <span class='ocr_line' id='line_1_20' title="bbox 180 2440 1288 2525; baseline -0.001 -20"><span class='ocrx_word' id='word_1_130' title='bbox 180 2442 224 2506; x_wconf 90' lang='lat' dir='ltr'>ad</span> <span class='ocrx_word' id='word_1_131' title='bbox 256 2442 524 2525; x_wconf 88' lang='lat' dir='ltr'>comparendum</span> <span class='ocrx_word' id='word_1_132' title='bbox 558 2441 685 2504; x_wconf 90' lang='lat' dir='ltr'>ibidem</span> <span class='ocrx_word' id='word_1_133' title='bbox 718 2441 864 2504; x_wconf 88' lang='lat' dir='ltr'>citatum</span> <span class='ocrx_word' id='word_1_134' title='bbox 898 2447 935 2504; x_wconf 89' lang='lat' dir='ltr'>ut</span> <span class='ocrx_word' id='word_1_135' title='bbox 970 2440 1033 2524; x_wconf 91' lang='lat' dir='ltr'>ipsi</span> <span class='ocrx_word' id='word_1_136' title='bbox 1066 2440 1288 2505; x_wconf 88' lang='lat' dir='ltr'>commissarii</span> 
     </span>
     <span class='ocr_line' id='line_1_21' title="bbox 181 2545 1293 2630; baseline 0 -21"><span class='ocrx_word' id='word_1_137' title='bbox 181 2547 453 2630; x_wconf 86' lang='lat' dir='ltr'>praetendebant</span> <span class='ocrx_word' id='word_1_138' title='bbox 490 2546 717 2629; x_wconf 89' lang='lat' dir='ltr'>praeconisari</span> <span class='ocrx_word' id='word_1_139' title='bbox 755 2545 985 2610; x_wconf 85' lang='lat' dir='ltr'>facientibus:</span> <span class='ocrx_word' id='word_1_140' title='bbox 1034 2546 1203 2610; x_wconf 88' lang='lat' dir='ltr'>discretus</span> <span class='ocrx_word' id='word_1_141' title='bbox 1239 2545 1293 2609; x_wconf 92' lang='lat' dir='ltr'>vir</span> 
     </span>
     <span class='ocr_line' id='line_1_22' title="bbox 182 2649 1290 2734; baseline -0.001 -22"><span class='ocrx_word' id='word_1_142' title='bbox 182 2650 344 2734; x_wconf 87' lang='lat' dir='ltr'>Magister</span> <span class='ocrx_word' id='word_1_143' title='bbox 364 2649 552 2714; x_wconf 90' lang='lat' dir='ltr'>Willelmus</span> <span class='ocrx_word' id='word_1_144' title='bbox 576 2650 681 2733; x_wconf 87' lang='lat' dir='ltr'>Legat</span> <span class='ocrx_word' id='word_1_145' title='bbox 704 2649 858 2731; x_wconf 85' lang='lat' dir='ltr'>ejusdem</span> <span class='ocrx_word' id='word_1_146' title='bbox 882 2649 989 2734; x_wconf 90' lang='lat' dir='ltr'>patris</span> <span class='ocrx_word' id='word_1_147' title='bbox 1011 2649 1139 2714; x_wconf 92' lang='lat' dir='ltr'>domini</span> <span class='ocrx_word' id='word_1_148' title='bbox 1163 2649 1290 2714; x_wconf 89' lang='lat' dir='ltr'>Dunel-</span> 
     </span>
     <span class='ocr_line' id='line_1_23' title="bbox 182 2753 1292 2837; baseline -0.001 -19"><span class='ocrx_word' id='word_1_149' title='bbox 182 2754 306 2818; x_wconf 89' lang='lat' dir='ltr'>mensis</span> <span class='ocrx_word' id='word_1_150' title='bbox 341 2753 488 2837; x_wconf 89' lang='lat' dir='ltr'>episcopi</span> <span class='ocrx_word' id='word_1_151' title='bbox 525 2760 726 2837; x_wconf 88' lang='lat' dir='ltr'>procurator</span> <span class='ocrx_word' id='word_1_152' title='bbox 760 2753 946 2817; x_wconf 91' lang='lat' dir='ltr'>literatorie</span> <span class='ocrx_word' id='word_1_153' title='bbox 980 2753 1193 2818; x_wconf 90' lang='lat' dir='ltr'>constitutus</span> <span class='ocrx_word' id='word_1_154' title='bbox 1227 2755 1292 2817; x_wconf 93' lang='lat' dir='ltr'>sub</span> 
     </span>
     <span class='ocr_line' id='line_1_24' title="bbox 183 2858 1290 2943; baseline 0 -21"><span class='ocrx_word' id='word_1_155' title='bbox 183 2859 291 2922; x_wconf 88' lang='lat' dir='ltr'>lorma</span> <span class='ocrx_word' id='word_1_156' title='bbox 319 2879 409 2942; x_wconf 88' lang='lat' dir='ltr'>quae</span> <span class='ocrx_word' id='word_1_157' title='bbox 437 2859 593 2943; x_wconf 88' lang='lat' dir='ltr'>sequitur</span> <span class='ocrx_word' id='word_1_158' title='bbox 621 2859 654 2922; x_wconf 89' lang='lat' dir='ltr'>in</span> <span class='ocrx_word' id='word_1_159' title='bbox 684 2859 766 2922; x_wconf 88' lang='lat' dir='ltr'>haec</span> <span class='ocrx_word' id='word_1_160' title='bbox 796 2859 926 2921; x_wconf 85' lang='lat' dir='ltr'>verba:</span> <span class='ocrx_word' id='word_1_161' title='bbox 968 2858 1140 2922; x_wconf 88' lang='lat' dir='ltr'>Vniversis</span> <span class='ocrx_word' id='word_1_162' title='bbox 1169 2865 1290 2942; x_wconf 87' lang='lat' dir='ltr'>pateat</span> 
     </span>
     <span class='ocr_line' id='line_1_25' title="bbox 183 2961 1292 3047; baseline 0.001 -21"><span class='ocrx_word' id='word_1_163' title='bbox 183 2983 242 3046; x_wconf 87' lang='lat' dir='ltr'>per</span> <span class='ocrx_word' id='word_1_164' title='bbox 278 2971 473 3047; x_wconf 86' lang='lat' dir='ltr'>praesentes</span> <span class='ocrx_word' id='word_1_165' title='bbox 508 2963 600 3046; x_wconf 88' lang='lat' dir='ltr'>quod</span> <span class='ocrx_word' id='word_1_166' title='bbox 638 2961 708 3025; x_wconf 88' lang='lat' dir='ltr'>Nos</span> <span class='ocrx_word' id='word_1_167' title='bbox 740 2962 889 3025; x_wconf 85' lang='lat' dir='ltr'>Thomas</span> <span class='ocrx_word' id='word_1_168' title='bbox 921 2962 1140 3044; x_wconf 90' lang='lat' dir='ltr'>permissione</span> <span class='ocrx_word' id='word_1_169' title='bbox 1173 2962 1292 3026; x_wconf 90' lang='lat' dir='ltr'>divina</span> 
     </span>
     <span class='ocr_line' id='line_1_26' title="bbox 186 3065 1294 3150; baseline -0.002 -19"><span class='ocrx_word' id='word_1_170' title='bbox 186 3067 427 3131; x_wconf 89' lang='lat' dir='ltr'>Dunolmensis</span> <span class='ocrx_word' id='word_1_171' title='bbox 455 3067 634 3150; x_wconf 88' lang='lat' dir='ltr'>episcopus</span> <span class='ocrx_word' id='word_1_172' title='bbox 663 3066 695 3129; x_wconf 91' lang='lat' dir='ltr'>iu</span> <span class='ocrx_word' id='word_1_173' title='bbox 725 3066 884 3129; x_wconf 92' lang='lat' dir='ltr'>omnibus</span> <span class='ocrx_word' id='word_1_174' title='bbox 913 3074 946 3129; x_wconf 88' lang='lat' dir='ltr'>et</span> <span class='ocrx_word' id='word_1_175' title='bbox 978 3065 1118 3148; x_wconf 90' lang='lat' dir='ltr'>siugulis</span> <span class='ocrx_word' id='word_1_176' title='bbox 1146 3065 1294 3130; x_wconf 90' lang='lat' dir='ltr'>consiliis</span> 
     </span>
     <span class='ocr_line' id='line_1_27' title="bbox 184 3169 1294 3253; baseline -0.001 -19"><span class='ocrx_word' id='word_1_177' title='bbox 184 3192 223 3235; x_wconf 92' lang='lat' dir='ltr'>ac</span> <span class='ocrx_word' id='word_1_178' title='bbox 245 3171 324 3235; x_wconf 88' lang='lat' dir='ltr'>cleri</span> <span class='ocrx_word' id='word_1_179' title='bbox 353 3171 658 3235; x_wconf 85' lang='lat' dir='ltr'>convocationibus</span> <span class='ocrx_word' id='word_1_180' title='bbox 684 3190 744 3253; x_wconf 87' lang='lat' dir='ltr'>per</span> <span class='ocrx_word' id='word_1_181' title='bbox 766 3190 908 3253; x_wconf 90' lang='lat' dir='ltr'>regnum</span> <span class='ocrx_word' id='word_1_182' title='bbox 934 3169 1076 3252; x_wconf 85' lang='lat' dir='ltr'>Angliae</span> <span class='ocrx_word' id='word_1_183' title='bbox 1100 3169 1294 3253; x_wconf 90' lang='lat' dir='ltr'>ubicunque</span> 
     </span>
     <span class='ocr_line' id='line_1_28' title="bbox 186 3272 1295 3359; baseline -0.003 -21"><span class='ocrx_word' id='word_1_184' title='bbox 186 3295 247 3358; x_wconf 93' lang='lat' dir='ltr'>pro</span> <span class='ocrx_word' id='word_1_185' title='bbox 269 3275 398 3339; x_wconf 93' lang='lat' dir='ltr'>domini</span> <span class='ocrx_word' id='word_1_186' title='bbox 423 3275 529 3338; x_wconf 88' lang='lat' dir='ltr'>nostri</span> <span class='ocrx_word' id='word_1_187' title='bbox 555 3274 656 3358; x_wconf 86' lang='lat' dir='ltr'>Regis</span> <span class='ocrx_word' id='word_1_188' title='bbox 679 3295 736 3338; x_wconf 92' lang='lat' dir='ltr'>seu</span> <span class='ocrx_word' id='word_1_189' title='bbox 762 3273 854 3359; x_wconf 90' lang='lat' dir='ltr'>regni</span> <span class='ocrx_word' id='word_1_190' title='bbox 883 3273 934 3336; x_wconf 90' lang='lat' dir='ltr'>sui</span> <span class='ocrx_word' id='word_1_191' title='bbox 961 3273 1108 3357; x_wconf 87' lang='lat' dir='ltr'>negociis</span> <span class='ocrx_word' id='word_1_192' title='bbox 1132 3272 1295 3337; x_wconf 78' lang='lat' dir='ltr'>iaciendis</span> 
     </span>
     <span class='ocr_line' id='line_1_29' title="bbox 184 3376 1296 3462; baseline -0.001 -19"><span class='ocrx_word' id='word_1_193' title='bbox 184 3379 345 3462; x_wconf 86' lang='lat' dir='ltr'>quotiens</span> <span class='ocrx_word' id='word_1_194' title='bbox 372 3386 525 3443; x_wconf 88' lang='lat' dir='ltr'>nostram</span> <span class='ocrx_word' id='word_1_195' title='bbox 551 3400 619 3443; x_wconf 91' lang='lat' dir='ltr'>non</span> <span class='ocrx_word' id='word_1_196' title='bbox 646 3378 902 3442; x_wconf 88' lang='lat' dir='ltr'>exhibuerimus</span> <span class='ocrx_word' id='word_1_197' title='bbox 927 3376 1156 3461; x_wconf 89' lang='lat' dir='ltr'>praesentiam</span> <span class='ocrx_word' id='word_1_198' title='bbox 1182 3397 1296 3460; x_wconf 87' lang='lat' dir='ltr'>perso·</span> 
     </span>
     <span class='ocr_line' id='line_1_30' title="bbox 188 3479 1296 3566; baseline -0.002 -19"><span class='ocrx_word' id='word_1_199' title='bbox 188 3485 309 3558; x_wconf 88' lang='lat' dir='ltr'>nalem,</span> <span class='ocrx_word' id='word_1_200' title='bbox 330 3483 493 3547; x_wconf 88' lang='lat' dir='ltr'>dilectum</span> <span class='ocrx_word' id='word_1_201' title='bbox 512 3484 670 3547; x_wconf 89' lang='lat' dir='ltr'>clericum</span> <span class='ocrx_word' id='word_1_202' title='bbox 690 3488 846 3546; x_wconf 90' lang='lat' dir='ltr'>nostrum</span> <span class='ocrx_word' id='word_1_203' title='bbox 866 3481 1068 3566; x_wconf 87' lang='lat' dir='ltr'>Magistrum</span> <span class='ocrx_word' id='word_1_204' title='bbox 1088 3479 1296 3545; x_wconf 90' lang='lat' dir='ltr'>Willelmum</span> 
     </span>
     <span class='ocr_line' id='line_1_31' title="bbox 189 3585 1297 3672; baseline -0.001 -21"><span class='ocrx_word' id='word_1_205' title='bbox 189 3588 293 3672; x_wconf 87' lang='lat' dir='ltr'>Legat</span> <span class='ocrx_word' id='word_1_206' title='bbox 345 3596 500 3652; x_wconf 90' lang='lat' dir='ltr'>nostrum</span> <span class='ocrx_word' id='word_1_207' title='bbox 551 3607 669 3651; x_wconf 88' lang='lat' dir='ltr'>verum</span> <span class='ocrx_word' id='word_1_208' title='bbox 720 3594 754 3649; x_wconf 88' lang='lat' dir='ltr'>et</span> <span class='ocrx_word' id='word_1_209' title='bbox 804 3585 993 3669; x_wconf 89' lang='lat' dir='ltr'>legitimum</span> <span class='ocrx_word' id='word_1_210' title='bbox 1040 3592 1297 3669; x_wconf 87' lang='lat' dir='ltr'>procuratorem</span> 
     </span>
     <span class='ocr_line' id='line_1_32' title="bbox 188 3689 1297 3776; baseline -0.004 -19"><span class='ocrx_word' id='word_1_211' title='bbox 188 3700 337 3757; x_wconf 86' lang='lat' dir='ltr'>actorem</span> <span class='ocrx_word' id='word_1_212' title='bbox 365 3699 399 3755; x_wconf 88' lang='lat' dir='ltr'>et</span> <span class='ocrx_word' id='word_1_213' title='bbox 426 3692 640 3776; x_wconf 90' lang='lat' dir='ltr'>negotiorum</span> <span class='ocrx_word' id='word_1_214' title='bbox 666 3698 837 3774; x_wconf 89' lang='lat' dir='ltr'>gestorem</span> <span class='ocrx_word' id='word_1_215' title='bbox 863 3689 1063 3754; x_wconf 89' lang='lat' dir='ltr'>ordinamus</span> <span class='ocrx_word' id='word_1_216' title='bbox 1092 3689 1235 3755; x_wconf 78' lang='lat' dir='ltr'>tacimus</span> <span class='ocrx_word' id='word_1_217' title='bbox 1263 3696 1297 3753; x_wconf 86' lang='lat' dir='ltr'>et</span> 
     </span>
     <span class='ocr_line' id='line_1_33' title="bbox 188 3794 1297 3879; baseline -0.002 -18"><span class='ocrx_word' id='word_1_218' title='bbox 188 3796 430 3861; x_wconf 90' lang='lat' dir='ltr'>constituimus</span> <span class='ocrx_word' id='word_1_219' title='bbox 474 3817 533 3879; x_wconf 90' lang='lat' dir='ltr'>per</span> <span class='ocrx_word' id='word_1_220' title='bbox 576 3803 796 3878; x_wconf 88' lang='lat' dir='ltr'>praesentes;</span> <span class='ocrx_word' id='word_1_221' title='bbox 852 3794 975 3858; x_wconf 89' lang='lat' dir='ltr'>dantes</span> <span class='ocrx_word' id='word_1_222' title='bbox 1018 3795 1129 3859; x_wconf 87' lang='lat' dir='ltr'>eidem</span> <span class='ocrx_word' id='word_1_223' title='bbox 1178 3815 1297 3878; x_wconf 90' lang='lat' dir='ltr'>procu·</span> 
     </span>
     <span class='ocr_line' id='line_1_34' title="bbox 190 3898 1298 3984; baseline -0.003 -19"><span class='ocrx_word' id='word_1_224' title='bbox 190 3901 293 3966; x_wconf 87' lang='lat' dir='ltr'>ratori</span> <span class='ocrx_word' id='word_1_225' title='bbox 309 3907 427 3964; x_wconf 90' lang='lat' dir='ltr'>nostro</span> <span class='ocrx_word' id='word_1_226' title='bbox 442 3900 633 3984; x_wconf 89' lang='lat' dir='ltr'>generalem</span> <span class='ocrx_word' id='word_1_227' title='bbox 650 3906 860 3983; x_wconf 90' lang='lat' dir='ltr'>potestatem</span> <span class='ocrx_word' id='word_1_228' title='bbox 877 3920 916 3963; x_wconf 94' lang='lat' dir='ltr'>ac</span> <span class='ocrx_word' id='word_1_229' title='bbox 932 3899 1137 3964; x_wconf 86' lang='lat' dir='ltr'>mandatum</span> <span class='ocrx_word' id='word_1_230' title='bbox 1152 3898 1298 3984; x_wconf 90' lang='lat' dir='ltr'>speciale</span> 
     </span>
     <span class='ocr_line' id='line_1_35' title="bbox 190 4003 1300 4087; baseline -0.004 -18"><span class='ocrx_word' id='word_1_231' title='bbox 190 4006 325 4069; x_wconf 91' lang='lat' dir='ltr'>nomine</span> <span class='ocrx_word' id='word_1_232' title='bbox 353 4013 469 4068; x_wconf 90' lang='lat' dir='ltr'>nostro</span> <span class='ocrx_word' id='word_1_233' title='bbox 495 4013 529 4068; x_wconf 91' lang='lat' dir='ltr'>et</span> <span class='ocrx_word' id='word_1_234' title='bbox 556 4023 617 4087; x_wconf 91' lang='lat' dir='ltr'>pro</span> <span class='ocrx_word' id='word_1_235' title='bbox 643 4003 742 4067; x_wconf 92' lang='lat' dir='ltr'>nobis</span> <span class='ocrx_word' id='word_1_236' title='bbox 768 4003 965 4085; x_wconf 86' lang='lat' dir='ltr'>hujusmodi</span> <span class='ocrx_word' id='word_1_237' title='bbox 991 4003 1300 4067; x_wconf 90' lang='lat' dir='ltr'>convocationibus</span> 
     </span>
     <span class='ocr_line' id='line_1_36' title="bbox 191 4107 1300 4191; baseline -0.003 -19"><span class='ocrx_word' id='word_1_238' title='bbox 191 4109 422 4182; x_wconf 86' lang='lat' dir='ltr'>interessendi,</span> <span class='ocrx_word' id='word_1_239' title='bbox 449 4117 482 4172; x_wconf 88' lang='lat' dir='ltr'>et</span> <span class='ocrx_word' id='word_1_240' title='bbox 509 4108 542 4172; x_wconf 90' lang='lat' dir='ltr'>in</span> <span class='ocrx_word' id='word_1_241' title='bbox 568 4108 694 4171; x_wconf 88' lang='lat' dir='ltr'>eisdem</span> <span class='ocrx_word' id='word_1_242' title='bbox 720 4127 798 4171; x_wconf 92' lang='lat' dir='ltr'>cum</span> <span class='ocrx_word' id='word_1_243' title='bbox 824 4107 898 4171; x_wconf 90' lang='lat' dir='ltr'>aliis</span> <span class='ocrx_word' id='word_1_244' title='bbox 923 4107 1086 4191; x_wconf 87' lang='lat' dir='ltr'>praelatis</span> <span class='ocrx_word' id='word_1_245' title='bbox 1110 4114 1145 4171; x_wconf 91' lang='lat' dir='ltr'>et</span> <span class='ocrx_word' id='word_1_246' title='bbox 1170 4107 1300 4171; x_wconf 91' lang='lat' dir='ltr'>clericis</span> 
     </span>
     <span class='ocr_line' id='line_1_37' title="bbox 192 4211 1301 4294; baseline -0.004 -16"><span class='ocrx_word' id='word_1_247' title='bbox 192 4214 411 4278; x_wconf 89' lang='lat' dir='ltr'>tractandum</span> <span class='ocrx_word' id='word_1_248' title='bbox 438 4235 476 4276; x_wconf 87' lang='lat' dir='ltr'>ac</span> <span class='ocrx_word' id='word_1_249' title='bbox 505 4233 626 4276; x_wconf 90' lang='lat' dir='ltr'>sanum</span> <span class='ocrx_word' id='word_1_250' title='bbox 658 4231 758 4275; x_wconf 93' lang='lat' dir='ltr'>suum</span> <span class='ocrx_word' id='word_1_251' title='bbox 787 4212 964 4277; x_wconf 84' lang='lat' dir='ltr'>consilium</span> <span class='ocrx_word' id='word_1_252' title='bbox 989 4211 1032 4276; x_wconf 92' lang='lat' dir='ltr'>de</span> <span class='ocrx_word' id='word_1_253' title='bbox 1059 4223 1093 4275; x_wconf 90' lang='lat' dir='ltr'>et</span> <span class='ocrx_word' id='word_1_254' title='bbox 1121 4231 1223 4294; x_wconf 90' lang='lat' dir='ltr'>super</span> <span class='ocrx_word' id='word_1_255' title='bbox 1248 4211 1301 4275; x_wconf 91' lang='lat' dir='ltr'>his</span> 
     </span>
     <span class='ocr_line' id='line_1_38' title="bbox 190 4315 1300 4403; baseline -0.003 -20"><span class='ocrx_word' id='word_1_256' title='bbox 190 4340 278 4403; x_wconf 90' lang='lat' dir='ltr'>quae</span> <span class='ocrx_word' id='word_1_257' title='bbox 315 4317 542 4381; x_wconf 90' lang='lat' dir='ltr'>salvationem</span> <span class='ocrx_word' id='word_1_258' title='bbox 580 4338 639 4381; x_wconf 91' lang='lat' dir='ltr'>seu</span> <span class='ocrx_word' id='word_1_259' title='bbox 678 4316 865 4380; x_wconf 86' lang='lat' dir='ltr'>utilitatem</span> <span class='ocrx_word' id='word_1_260' title='bbox 903 4316 987 4380; x_wconf 90' lang='lat' dir='ltr'>dicti</span> <span class='ocrx_word' id='word_1_261' title='bbox 1024 4315 1154 4380; x_wconf 93' lang='lat' dir='ltr'>domini</span> <span class='ocrx_word' id='word_1_262' title='bbox 1192 4315 1300 4380; x_wconf 89' lang='lat' dir='ltr'>nostri</span> 
     </span>
    </p>
   </div>
   <div class='ocr_carea' id='block_1_3' title="bbox 195 4429 1153 4513">
    <p class='ocr_par' dir='ltr' id='par_1_3' title="bbox 195 4429 1153 4513">
     <span class='ocr_line' id='line_1_39' title="bbox 195 4429 1153 4513; baseline -0.01 0"><span class='ocrx_word' id='word_1_263' title='bbox 195 4431 198 4435; x_wconf 66' lang='grc'>’</span> <span class='ocrx_word' id='word_1_264' title='bbox 234 4433 240 4436; x_wconf 65' lang='grc'><strong><em>’</em></strong></span> <span class='ocrx_word' id='word_1_265' title='bbox 261 4433 280 4493; x_wconf 62' lang='grc'>·’</span> <span class='ocrx_word' id='word_1_266' title='bbox 295 4430 403 4513; x_wconf 58' lang='lat' dir='ltr'>oribe-a</span> <span class='ocrx_word' id='word_1_267' title='bbox 418 4429 472 4512; x_wconf 54' lang='lat' dir='ltr'>aaa</span> <span class='ocrx_word' id='word_1_268' title='bbox 487 4430 612 4512; x_wconf 65' lang='lat' dir='ltr'>nalum</span> <span class='ocrx_word' id='word_1_269' title='bbox 626 4463 654 4511; x_wconf 84' lang='lat' dir='ltr'>or</span> <span class='ocrx_word' id='word_1_270' title='bbox 668 4459 851 4511; x_wconf 73' lang='lat' dir='ltr'>oswauwicr</span> <span class='ocrx_word' id='word_1_271' title='bbox 864 4459 892 4510; x_wconf 80' lang='lat' dir='ltr'>in</span> <span class='ocrx_word' id='word_1_272' title='bbox 908 4459 982 4510; x_wconf 71' lang='lat' dir='ltr'>von</span> <span class='ocrx_word' id='word_1_273' title='bbox 996 4456 1153 4509; x_wconf 56' lang='lat' dir='ltr'>mereata.</span> 
     </span>
    </p>
   </div>
   <div class='ocr_carea' id='block_1_4' title="bbox 0 0 1482 5010">
    <p class='ocr_par' dir='ltr' id='par_1_4' title="bbox 0 0 1482 5010">
     <span class='ocr_line' id='line_1_40' title="bbox 0 0 1482 5010; baseline 0 0"><span class='ocrx_word' id='word_1_274' title='bbox 0 0 1482 5010; x_wconf 95' lang='lat' dir='ltr'> </span> 
     </span>
    </p>
   </div>
  </div>
 </body>
</html>
