2918 5010
225 395 287 478 148
610 395 782 458 Reconus
806 411 850 458 or
874 410 945 458 rur

224 588 322 651 Aera
369 605 408 652 ru
455 586 738 651 Convocarronr
786 603 890 651 crem
939 603 1067 651 rorrus
1115 603 1336 651 rnovrncme

315 691 431 756 Esou.

311 822 400 886 Acta
446 822 479 885 in
526 820 630 884 domo
675 821 857 904 capitulari
904 821 1076 885 Ecclesiae
1122 820 1335 885 Cathedralis

224 925 327 989 Ebor.
356 943 394 991 12
419 926 474 989 die
498 926 623 989 mensis
647 926 805 1010 Augusti,
831 946 922 990 anno
951 926 1089 989 Domini
1116 941 1332 989 mccccxxvr.

226 1029 266 1093 ln
303 1031 550 1094 convocatione
587 1030 734 1114 generali
772 1031 1003 1113 praelatorum
1042 1036 1076 1092 et
1114 1029 1193 1093 cleri
1232 1029 1335 1093 Ebor.

225 1134 420 1216 provinciae
446 1134 654 1197 auctoritate
680 1141 713 1197 et
740 1134 977 1198 commissione
1003 1133 1277 1198 reverendissimi
1302 1133 1336 1196 in

225 1235 360 1301 Christo
389 1238 497 1320 patris
525 1246 559 1300 et
589 1237 730 1311 domini,
761 1237 890 1301 domini
921 1237 1100 1320 Johannis,
1133 1237 1195 1301 Dei
1224 1236 1337 1321 gratia

225 1340 328 1405 Ebor.
369 1341 625 1425 archiepiscopi,
666 1342 808 1426 Angliae
848 1342 1015 1424 primatis,
1056 1348 1089 1404 et
1130 1341 1338 1425 apostolicae

225 1443 314 1508 sedis
332 1444 446 1529 legati,
467 1465 526 1528 per
544 1447 755 1509 venerabiles
774 1447 806 1509 in
827 1445 962 1509 Christo
980 1454 1097 1528 patres
1115 1453 1149 1509 et
1168 1444 1336 1519 dominos,

225 1547 382 1614 dominos
413 1549 581 1613 Thomam
616 1550 805 1634 [langley],
837 1550 899 1613 Dei
928 1551 1038 1634 gratia
1072 1550 1337 1613 Dunelmensem

225 1660 260 1716 et
280 1652 500 1717 Willielmum
524 1654 701 1736 [Barrow],
726 1654 973 1717 llarliolensem
994 1654 1181 1737 episcopos,
1203 1673 1338 1717 necnon

225 1758 454 1822 venerabilem
491 1767 524 1821 et
560 1759 753 1842 religiosum
790 1759 901 1822 virum
939 1759 1079 1822 tratrem
1116 1758 1338 1822 Willielmum

225 1863 389 1927 abbatem
452 1864 650 1927 monasterii
706 1865 829 1926 beatae
886 1863 1012 1926 Mariae
1068 1869 1167 1926 extra
1222 1881 1339 1926 muros

225 1967 378 2032 civitatis
415 1968 568 2032 Eborum
606 1968 711 2051 ipsius
749 1967 1018 2031 reverendissimi
1057 1966 1165 2050 patris
1202 1967 1235 2030 in
1273 1966 1339 2030 hac

225 2077 324 2155 parte
348 2072 599 2136 commissarios
624 2093 703 2136 cum
728 2072 843 2136 clausa
873 2073 899 2151 (?
928 2073 1036 2151 carta)
1064 2070 1277 2153 conjunctim
1303 2075 1338 2133 et

225 2174 373 2250 divisim,
409 2177 603 2259 specialiter
637 2177 834 2261 deputatos,
872 2184 955 2239 tunc
991 2174 1117 2238 ibidem
1153 2174 1337 2238 celebrata.

227 2278 505 2343 Praesidentibus
537 2281 663 2343 ibidem
694 2280 821 2343 eisdem
853 2278 1000 2342 dominis
1031 2278 1272 2342 commissariis
1292 2271 1337 2342 'et

224 2382 259 2447 in
294 2383 487 2466 praesentia
521 2383 718 2458 eorundem,
755 2404 794 2447 ae
829 2384 973 2447 aliorum
1012 2383 1255 2465 praelatorum,
1302 2390 1337 2446 et

225 2487 333 2552 totius
356 2488 435 2551 cleri
460 2489 493 2551 in
518 2489 591 2571 ipsa
614 2488 861 2551 convocatione
885 2493 1192 2571 congregatorum;
1229 2487 1338 2550 verbo

225 2589 289 2654 Dei
308 2611 368 2675 per
385 2592 614 2655 venerabilem
635 2592 780 2655 eximiae
799 2592 960 2655 scientiae
984 2592 1107 2664 virum,
1134 2590 1337 2674 magistrum

225 2694 421 2776 Johannem
440 2695 576 2778 Roxby,
590 2696 759 2760 famosum
774 2696 807 2759 in
822 2696 992 2778 theologia
1007 2695 1193 2769 doctorem,
1208 2694 1337 2758 haben-

226 2806 296 2862 tem
308 2820 370 2882 pr0
382 2800 534 2863 themate
546 2800 638 2863 istud
652 2800 804 2883 Joshuae
822 2800 841 2823 “
856 2801 1001 2863 Vocavit
1013 2800 1142 2882 Joslure
1154 2799 1301 2882 majores
1316 2800 1334 2819 ”

224 2911 262 2966 ut
288 2905 390 2967 moris
415 2913 476 2980 est,
502 2905 701 2989 proposito;
727 2905 964 2968 commissione
988 2924 1125 2988 quoque
1154 2904 1335 2967 doctorum

224 3007 441 3072 dominorum
488 3010 798 3099 commissariorum
846 3010 888 3072 de
936 3009 1102 3072 mandato
1149 3008 1336 3072 eorundem

224 3113 358 3195 publice
391 3115 562 3196 perlecta;
597 3115 773 3198 praelatus
804 3114 1008 3177 venerabilis
1044 3119 1142 3195 pater
1176 3112 1336 3175 dominus

224 3217 463 3281 Dunelmensis
487 3220 666 3302 episcopus
689 3240 829 3283 suorum
856 3217 1243 3290 concommissariorum,
1272 3217 1336 3279 hac

224 3322 308 3396 vice,
331 3323 431 3386 vivae
452 3323 545 3385 vocis
565 3344 684 3406 gerens
705 3344 881 3407 organum,
904 3323 1076 3404 praelatos
1097 3328 1130 3384 et
1152 3321 1279 3383 clerum
1301 3321 1334 3384 in

224 3428 531 3490 convocationibus
561 3428 663 3490 Ebur.
697 3428 892 3509 provinciae
923 3426 1036 3488 vocari
1068 3433 1259 3496 consuetos
1292 3425 1337 3488 ad

225 3529 286 3592 hos
301 3530 390 3593 diem
407 3537 440 3593 et
456 3532 568 3593 locum
584 3531 733 3612 legitime
748 3531 884 3603 citatos,
900 3537 933 3591 et
950 3530 1186 3611 praemunitos
1201 3529 1336 3612 publice

224 3631 306 3695 tacit
337 3634 589 3714 praeconizari;
615 3635 741 3717 quibus
771 3633 1029 3715 praeconizatis,
1061 3641 1094 3695 et
1125 3633 1335 3716 quibusdam

223 3736 456 3817 personaliter,
481 3738 689 3820 quibusdam
714 3757 773 3819 per
797 3744 1043 3819 procuratores,
1069 3745 1101 3799 et
1127 3737 1335 3820 quibusdam

223 3838 317 3902 nullo
358 3840 461 3903 modo
501 3843 790 3923 comparentibus,
833 3840 1081 3903 certificatoriis
1121 3862 1259 3925 quoque
1300 3849 1334 3905 et

222 3945 465 4025 procuratoriis
505 3945 631 4008 ibidem
671 3945 844 4015 exhibitis.
884 3952 918 4007 et
958 3946 1113 4019 ostensis,
1154 3966 1192 4008 ac
1232 3966 1335 4029 penes

222 4047 454 4129 registrarium
473 4048 601 4111 domini
621 4050 723 4112 Ebor.
739 4049 983 4132 archiepiscopi
1002 4051 1160 4122 dimissis,
1175 4051 1335 4114 dominus

223 4151 462 4215 Dunelmensis
493 4152 681 4236 episcopus,
713 4153 754 4216 de
788 4173 954 4216 consensu
988 4154 1336 4236 compraesidentium

223 4276 373 4330 suorum,
419 4257 547 4331 nolens,
593 4266 630 4320 ut
675 4258 830 4332 asseruit,
876 4259 1077 4321 absentibus
1121 4259 1221 4321 nimis
1267 4258 1337 4321 iore

224 4361 403 4445 rigorosus,
433 4381 475 4424 ex
502 4363 612 4445 gratia
642 4384 703 4426 sua
731 4362 867 4445 speciali
898 4363 989 4445 ipsos
1018 4363 1178 4424 absentes
1207 4362 1337 4426 diutius

221 4464 324 4529 duxit
355 4467 598 4550 expectandos,
631 4475 663 4531 ct
696 4469 805 4552 ipsam
836 4467 1119 4530 convocationem
1151 4487 1258 4549 usque
1290 4467 1334 4531 ad
