2918 5010
176 375 218 431 oz
564 354 736 420 Recouns
758 371 806 420 or
828 368 901 421 rua

175 549 274 613 robis
304 549 337 614 in
368 554 496 614 eventu
525 547 659 632 plenius
687 546 930 631 exponendum
960 548 1074 632 ipsum
1104 548 1288 615 concilium

175 661 331 718 nostrum
348 653 382 718 in
399 661 434 716 et
450 653 495 717 ad
515 653 606 717 diem
627 651 795 727 Mercurii,
815 652 881 716 viz.
904 651 978 736 xij¹¹¹
998 650 1091 716 diem
1111 653 1287 719 Februarii

175 758 329 841 proxime
357 757 512 822 futurum
540 757 698 840 praefato
724 756 780 821 die
807 756 925 821 Lunae
952 757 986 822 in
1014 756 1090 821 aliis
1116 757 1287 841 prioribus

175 862 281 927 literis
329 862 455 927 nostris
505 869 671 926 contento
725 861 879 925 totaliter
931 861 1068 937 omisso,
1124 861 1287 928 duximus

176 966 246 1030 fore
262 967 505 1032 celebrandum
521 987 528 1035 ;
558 965 657 1048 cujus
673 965 786 1029 brevis
802 965 837 1029 in
854 965 919 1029 hac
935 972 1034 1050 parte
1050 965 1152 1031 nobis
1168 965 1289 1032 directi

176 1077 275 1136 tenor
289 1091 350 1156 per
365 1071 480 1135 omnia
497 1070 576 1134 talis
595 1078 669 1133 est:
697 1069 887 1134 Edwardus
905 1087 938 1133 ι).
957 1085 991 1132 u.
1009 1089 1068 1134 rex
1089 1070 1236 1154 Angliae
1254 1078 1287 1135 et

176 1176 339 1241 Franciae
373 1183 407 1239 et
442 1175 603 1239 dominus
639 1174 823 1238 Hiberniae
858 1174 1042 1239 venerabili
1080 1174 1115 1239 in
1151 1174 1289 1240 Christo

175 1280 267 1364 patri
292 1280 484 1363 Jisohannil,
510 1280 630 1344 eadem
654 1278 765 1364 gratia
789 1278 1055 1362 Archiepiscopo
1078 1278 1286 1345 Eboracensi

176 1384 318 1469 Angliae
342 1384 482 1467 primati
507 1383 664 1448 salutem.
712 1382 974 1447 Considerantes
994 1382 1115 1468 gravia
1139 1383 1290 1467 pericula

175 1509 264 1572 quae
304 1497 376 1553 tam
415 1508 475 1572 per
513 1488 726 1552 invasionem
765 1487 963 1551 Scottorum
999 1507 1105 1571 quam
1142 1487 1287 1554 aliorum

176 1592 391 1657 inimicomm
412 1600 607 1656 nostrorum
628 1592 726 1656 nobis
746 1598 780 1655 et
801 1611 943 1676 regnum
965 1598 1123 1656 nostrum
1143 1592 1286 1678 Angliae

177 1698 358 1783 agentibus
378 1706 450 1761 tam
470 1705 610 1761 sanctae
629 1696 788 1760 ecclesiae
806 1717 913 1780 quam
932 1696 1027 1760 dicto
1046 1716 1150 1781 regno
1169 1703 1288 1762 nostro

176 1803 311 1867 evenire
335 1801 564 1866 verisimiliter
587 1800 821 1874 formidantes
846 1822 886 1865 ac
909 1800 1064 1865 volentes
1086 1800 1287 1885 hujusmodi

176 1907 334 1992 periculis
356 1907 389 1971 in
411 1912 583 1991 quantum
603 1907 793 1989 poterimus
812 1925 1025 1988 praecavere,
1043 1925 1106 1969 vos
1129 1925 1289 1991 rogamus

175 2012 270 2096 quod
292 2012 438 2077 attentis
459 2010 617 2096 periculis
640 2063 646 2073 .
673 2063 679 2073 .
706 2062 711 2073 .
737 2009 924 2092 Episcopos
945 2016 979 2073 et
1001 2010 1130 2074 clemm
1152 2016 1289 2075 vestrae

176 2117 383 2201 provinciae,
402 2125 474 2180 tam
498 2123 676 2198 exemptos
697 2134 803 2198 quam
824 2134 891 2178 non
912 2120 1101 2198 exemptos,
1118 2113 1164 2178 ad
1187 2114 1289 2179 citius

176 2243 245 2305 quo
264 2221 423 2305 poteritis
441 2221 475 2284 in
494 2219 567 2283 loco
585 2218 794 2302 competenti
813 2218 994 2282 convocari
1013 2224 1047 2281 et
1065 2217 1237 2283 intervos
1254 2225 1288 2282 et

178 2325 268 2408 ipsos
287 2325 330 2389 de
351 2324 467 2408 aliquo
487 2323 614 2387 salubri
636 2330 669 2386 et
690 2343 840 2406 congruo
861 2321 1010 2386 remedio
1029 2341 1092 2406 pro
1111 2342 1287 2405 preserva-

178 2429 271 2493 tione
288 2436 322 2492 et
340 2428 537 2492 defensione
554 2427 714 2491 ecclesiae
731 2434 765 2490 et
785 2427 876 2511 regni
894 2425 1149 2511 praedictorum
1167 2434 1288 2492 contra

177 2533 327 2617 pericula
359 2532 534 2616 praedicta
566 2531 723 2596 ordinare
753 2531 889 2607 curetis,
921 2538 955 2595 et
987 2549 1089 2615 super
1118 2531 1184 2595 hoc
1216 2540 1287 2596 tam

178 2637 277 2701 vobis
312 2657 418 2722 quam
453 2635 547 2699 dicto
581 2635 670 2699 clero
706 2636 739 2700 in
776 2636 899 2699 vestris
934 2633 1074 2719 agendis
1109 2640 1289 2701 teneamur

178 2742 358 2826 specialius
390 2741 423 2805 iu
457 2741 622 2804 futunrm.
672 2741 716 2803 Et
749 2741 813 2804 hoc
844 2741 931 2804 sicut
963 2760 1026 2804 nos
1057 2746 1091 2803 et
1122 2739 1286 2805 honorem

178 2854 334 2910 nostrum
354 2867 394 2909 ac
412 2845 640 2909 salvationem
659 2853 693 2908 et
712 2845 943 2909 defensionem
962 2843 1122 2908 ecclesiae
1140 2851 1175 2908 et
1195 2844 1287 2931 regni

177 2950 431 3034 praedictorum
467 2950 617 3033 diligitis,
654 2949 850 3013 nullatenus
884 2948 1065 3011 omittatis.
1119 2947 1287 3015 Nolumus

178 3055 268 3119 enim
298 3056 392 3140 quod
424 3055 457 3118 id
487 3055 581 3138 quod
612 3055 658 3118 sic
689 3055 733 3117 ad
765 3061 922 3137 rogatum
953 3058 1109 3117 nostrum
1141 3052 1287 3118 feceritis

178 3162 278 3225 cedat
297 3161 396 3225 vobis
416 3167 475 3224 aut
495 3160 589 3223 dicto
608 3159 697 3222 clero
716 3159 750 3223 in
769 3157 1017 3240 praejudicium
1037 3163 1097 3220 aut
1117 3156 1287 3223 libertatis

180 3265 426 3330 ecclesiasticae
459 3264 630 3333 lesionem,
664 3262 716 3325 vel
751 3262 910 3325 trahatur
941 3261 974 3325 in
1006 3263 1286 3345 consequentiam

178 3371 210 3435 in
235 3372 400 3434 futurum.
448 3368 548 3431 Teste
570 3367 701 3430 Thomu
723 3366 791 3430 filio
813 3373 930 3430 nostro
950 3365 1124 3429 carissimo
1144 3365 1287 3430 custode

177 3475 318 3559 Augliac
358 3473 449 3555 apud
489 3471 696 3535 Wodestolre
736 3471 836 3533 xviii0
867 3470 920 3533 die
957 3468 1162 3533 Novembris
1197 3490 1288 3534 anno

178 3579 270 3662 regni
291 3577 397 3641 nostri
418 3576 560 3660 Angliae
581 3575 762 3648 tricesimo,
785 3575 876 3658 regni
896 3594 977 3638 vero
996 3574 1103 3639 nostri
1124 3574 1288 3639 Franciac

178 3692 280 3744 xxmo·

266 3808 336 3873 Nos
368 3829 448 3872 vero
482 3808 636 3871 volentes
667 3828 769 3891 super
799 3809 971 3873 contentis
1003 3809 1036 3873 in
1070 3808 1164 3872 brevi
1197 3808 1288 3893 regio

178 3913 353 3997 praedicto
382 3920 416 3975 et
445 3911 519 3975 aliis
549 3912 652 3975 variis
683 3912 828 3996 negotiis
859 3919 990 3976 statum
1023 3920 1057 3977 ct
1091 3913 1286 3978 libertatem

177 4017 335 4082 ecclesiae
353 4022 386 4079 et
403 4015 481 4080 cleri
500 4022 695 4080 nostrarum
712 4016 874 4080 dioecesis
891 4023 925 4080 et
943 4016 1138 4100 provinciae
1154 4037 1287 4082 summe

177 4121 471 4191 commeatibus,
490 4120 668 4183 vobiscum
689 4127 722 4184 et
743 4142 822 4184 cum
843 4121 917 4184 aliis
937 4120 1098 4204 praelatis
1115 4120 1287 4186 dictarum

179 4233 373 4292 nostrarum
397 4223 539 4288 diocesis
562 4231 596 4287 et
619 4224 815 4308 provinciae
835 4225 928 4308 apud
952 4225 1145 4288 Eboracum
1166 4225 1287 4290 diebus

179 4329 404 4413 infrascriptis
420 4329 644 4393 conveniendi
666 4329 789 4391 habere
806 4329 1014 4411 colloquium
1031 4336 1064 4390 et
1085 4336 1285 4399 tractatum.

178 4445 212 4501 et
237 4458 277 4500 eo
305 4441 488 4519 praetextu
520 4433 710 4498 Concilium
736 4440 892 4497 nostrum
918 4432 1126 4516 provinciale
1151 4435 1286 4499 ordina·
