2918 5010
428 358 632 424 Nouiusau
657 358 928 426 Couvocurrou.
1169 376 1232 441 301

125 537 397 602 Archidiaconus
428 537 470 602 de
501 538 716 604 Carliolensis
748 540 793 622 [J.
829 539 1016 624 Singleton]
1050 559 1111 624 per
1145 540 1233 622 Mag.

456 643 680 708 Lancelotum
700 644 832 720 DaweS,
852 644 967 709 S.T.P.

436 786 572 851 Insulae
590 786 632 868 (le
652 786 764 861 Mona,
785 787 879 852 nullo
897 787 1010 853 modo,

128 927 326 1011 Capitulum
370 929 583 993 Eboracense
621 948 680 1012 per
722 928 810 1013 Mag.
850 929 1016 994 Phineam
1056 927 1236 1004 Hodson,*

220 1032 335 1097 S.T.P.
474 1051 478 1058 ·

129 1173 326 1257 Capitulum
366 1174 595 1238 Dunelmense
634 1194 694 1258 per
729 1174 817 1259 Mag.
855 1174 1046 1260 Josephum
1082 1174 1241 1254 Nailer,†

217 1278 334 1343 S.T.P.

130 1407 328 1492 Capitulum
360 1407 536 1472 Cestrense
568 1428 628 1492 per
657 1408 865 1473 Willelmum
895 1408 1095 1494 Bispham,‡
1122 1408 1240 1474 S.T.B.

124 1547 330 1653 ¹Capitulum
365 1548 568 1613 Carliolense
605 1570 666 1633 per
697 1549 785 1635 Mag.
827 1550 1050 1616 Lancelotum
1083 1550 1243 1631 Dawe5‚§

222 1653 336 1718 S.T.P.

134 1783 332 1867 Capitulum
368 1783 538 1848 Ecclesiae
579 1783 785 1869 Collegiatae
826 1786 868 1849 de
909 1784 1022 1869 Ripon
1063 1805 1123 1870 per
1154 1787 1241 1870 Mag.

222 1888 417 1972 Johannem
437 1888 550 1952 Favor
567 1888 738 1954 clericum.

135 2018 333 2102 Capitulum
362 2018 532 2083 Ecclesiae
559 2018 766 2104 Collegiatae
793 2019 831 2085 B.
858 2020 901 2085 M.
927 2020 967 2085 V.
992 2019 1035 2085 de
1058 2019 1243 2085 Southwell

223 2143 284 2207 per
300 2124 387 2207 Mag.
407 2123 575 2188 Thomam
595 2123 759 2206 Beuson,ll
778 2124 893 2190 S.T.P.

136 2253 251 2318 Clerus
283 2252 591 2319 Archidiacouatus
625 2254 742 2330 Ebot„
803 2275 863 2339 per
916 2254 1004 2339 Mag.
1061 2253 1245 2341 Georgium

662 2357 809 2434 Riddell‚
839 2358 965 2435 LL.D.,
994 2366 1029 2424 et
1058 2359 1245 2424 Henricum

661 2463 844 2548 Aiscough,
864 2463 1034 2529 clericum.

618 2590 848 2678 Nottingham
909 2612 969 2678 per
1031 2593 1118 2678 Mag.
1179 2593 1247 2657 Ed-

660 2695 815 2762 wardum
832 2697 1056 2775 Mottershed,
1070 2698 1195 2774 LL.D.,
1213 2707 1247 2762 et

664 2800 883 2867 Franciscum
903 2801 1130 2887 Wittingtonll
1153 2802 1248 2868 cleri-

665 2926 754 2972 cum.

623 3034 830 3120 Estrydinge
873 3056 933 3120 per
976 3036 1064 3122 Mag.
1111 3036 1250 3102 Edwar-

665 3139 748 3205 dum
789 3139 1013 3216 Mottershed,
1049 3139 1175 3217 LL.D.,
1215 3147 1250 3205 et

667 3243 878 3310 Richardum
899 3244 1058 3328 Perottll
1079 3245 1196 3311 S.T.B.

623 3372 817 3450 Cleveland,
843 3394 904 3459 per
929 3374 1017 3458 Mag.
1044 3374 1252 3440 Willelmum

669 3477 817 3542 Berman
854 3477 1025 3554 clericum,
1065 3478 1252 3545 Ricardum

669 3580 711 3645 de
760 3580 953 3665 Brandsby,
1001 3589 1035 3647 et
1083 3583 1252 3649 Thomam

670 3685 801 3770 Squire,
820 3684 986 3752 Clericum
1005 3686 1193 3753 Ricardum
1211 3687 1254 3753 de

671 3790 846 3875 Eskrigge.

220 3943 233 3966 ⁴
250 3942 366 3989 Phineas
382 3939 514 3999 Hoclgson
530 3952 586 3986 was
599 3937 763 3986 Chaucellor
775 3937 805 3986 ol
818 3938 904 3987 York.

220 4033 352 4097 †J0seplr
368 4031 472 4094 Naylor
485 4044 541 4078 was
557 4029 734 4092 Prcbemlary
747 4028 777 4078 ol
791 4029 926 4079 Durham.

222 4130 232 4188 ξ
250 4128 271 4174 Α
289 4124 464 4186 prebendary
477 4122 506 4172 ol
519 4122 641 4170 chester.

219 4220 233 4277 ὅ
246 4218 275 4266 L.
292 4217 389 4265 Dawes
403 4229 459 4264 was
474 4214 652 4277 Prebeudary
665 4214 694 4261 ol
707 4213 755 4262 the
769 4213 791 4262 F
793 4214 842 4262 irst
856 4214 934 4270 Stall,
949 4213 1068 4265 Carlisle.

221 4320 229 4363 ιε
245 4309 420 4369 Prebendary
433 4306 463 4355 ol
476 4305 635 4354 Southwell.

210 4399 228 4466 Ἦ
244 4400 420 4465 Prebendary
435 4401 462 4446 ol
479 4398 564 4448 York.
