2918 5010
171 383 234 449 ²5²
558 371 730 436 Rsconos
753 389 799 436 or
821 387 894 436 rue

171 581 271 626 sensu
303 569 420 627 nostro
453 562 601 627 Domino
632 569 750 627 nostro
783 561 931 627 Domino
963 561 1113 638 Henrico
1142 563 1284 629 Octavo

173 683 205 730 o.
254 683 286 730 u.
319 666 460 751 Angliae
513 668 675 732 Franciae
726 672 760 731 et
816 667 1001 732 Hiberniae
1057 666 1149 753 Rege
1201 668 1282 733 fidei

171 769 348 834 defensore
372 778 406 834 et
433 771 466 834 in
493 778 583 836 terra
610 771 769 836 ecclesiae
796 771 1004 855 Anglieanae
1031 778 1066 835 et
1095 771 1284 838 Hiberniae

171 895 332 958 supremo
354 875 468 958 capite
491 896 598 940 unum
621 875 812 940 subsidium
835 875 907 939 sive
931 875 1029 959 plura
1048 875 1203 942 subsidia
1219 897 1283 961 pro

173 986 249 1043 rata
285 979 470 1063 cujuslibet
508 979 667 1044 eeclesiae
698 979 786 1044 infra
818 980 997 1045 civitatem
1032 980 1214 1046 dioecesim
1247 988 1283 1046 et

173 1083 384 1166 provinciam
397 1083 596 1167 praedictas
615 1083 810 1148 iaciendum
828 1083 1017 1149 secundum
1035 1090 1190 1150 tenorem
1208 1085 1283 1151 vim

173 1188 319 1252 formam
350 1195 384 1251 et
415 1188 576 1252 eflectum
607 1187 788 1271 eujusdam
818 1188 1046 1253 concessionis
1076 1189 1190 1254 iactae
1222 1210 1284 1274 per

173 1292 344 1375 praelatos
386 1300 421 1356 et
463 1292 590 1357 clerum
633 1292 888 1357 Cantuariensis
930 1293 1126 1377 provinciae
1169 1294 1283 1360 eidem

172 1395 311 1460 domino
337 1403 455 1460 nostro
482 1396 566 1480 Regi
592 1397 798 1462 insessione
824 1417 905 1461 suae
930 1403 1168 1479 sacrosanctae
1194 1398 1283 1464 Con-

172 1500 363 1564 vocationis
403 1500 657 1565 Cantuariensis
697 1501 785 1565 inira
823 1501 1000 1566 ecelesiam
1040 1502 1283 1569 Cathedralem

172 1604 253 1668 Divi
283 1604 379 1669 Pauli
409 1604 606 1669 Londoniae
635 1618 693 1688 24⁰
720 1605 774 1670 die
802 1605 928 1669 mensis
956 1605 1172 1682 Novembris,
1203 1624 1281 1674 mo.

173 1725 255 1793 1545
296 1709 432 1792 incepta
470 1708 709 1794 pendenteque
747 1709 792 1774 ad
831 1710 897 1774 huc
935 1710 1075 1775 minime
1113 1710 1284 1778 dissoluta

172 1814 382 1880 unanimiter
399 1814 636 1879 concessimus.

260 1956 409 2022 Nomina
436 1957 668 2041 praelatorum
695 1964 730 2020 et
758 1964 1019 2040 procuratorum
1046 1957 1283 2042 praelatorum

172 2062 256 2127 Cleri
288 2062 441 2126 civitatis
471 2062 663 2126 dioeceseos
693 2068 728 2124 et
760 2060 956 2144 provinciae
989 2061 1216 2126 Eboracensis
1248 2063 1283 2128 in

177 2166 430 2231 Convocatione
463 2165 648 2231 eorundem
676 2165 910 2230 vocandorum
935 2165 1153 2230 inchoatam
1177 2166 1284 2232 domo

178 2271 365 2355 Capitulari
387 2271 545 2335 ecclesiae
568 2269 837 2354 metropoliticae
860 2269 962 2333 Ebor.
987 2269 1041 2334 die
1064 2270 1191 2346 Lunae,
1215 2271 1281 2336 viz.

179 2392 236 2457 14⁰
249 2374 303 2439 die
315 2375 438 2439 Mensis
450 2374 646 2439 Decembris
659 2392 730 2438 ab.
749 2383 858 2455 154510
873 2373 1050 2458 Regnique
1064 2374 1282 2440 illustrissimi

178 2479 211 2543 in
248 2479 382 2543 Christo
418 2478 578 2563 principis
614 2486 649 2542 et
681 2477 809 2542 domini
842 2477 949 2542 nostri
981 2478 1110 2542 domini
1142 2479 1282 2544 Henrici

176 2583 300 2648 Octavi
326 2601 358 2647 o.
384 2599 416 2646 G.
442 2582 583 2667 Angliae
607 2582 770 2647 Franciae
794 2588 828 2645 et
852 2581 1037 2646 Hiberniae
1071 2582 1172 2667 Regis
1199 2583 1281 2648 fidei

175 2687 360 2751 defensoris
384 2694 417 2750 et
441 2687 475 2750 in
500 2693 589 2750 terra
613 2686 771 2751 ecclesiae
795 2685 1003 2770 Anglicanae
1029 2694 1064 2750 et
1097 2687 1285 2752 Hiberniae

173 2791 321 2876 supremi
346 2791 468 2874 capitis
491 2803 558 2872 37⁰,
581 2812 696 2855 coram
721 2791 916 2873 praelatum
945 2789 1281 2856 Reverendissimum

173 2897 207 2961 in
228 2896 362 2960 Christo
383 2902 480 2979 patre
501 2901 535 2958 et
557 2896 705 2959 Domino
726 2895 866 2959 domino
889 2895 1041 2958 Roberto
1062 2895 1283 2979 permissione

172 3001 290 3065 divina
329 3000 534 3064 Eboracensi
573 3000 848 3084 Arclriepiscopo,
889 2998 1031 3082 Angliae
1070 2999 1208 3083 primati
1247 3006 1282 3065 et

173 3105 438 3188 metropolitano
481 3105 687 3169 auctoritate
730 3105 812 3169 dicti
856 3104 984 3167 domini
1029 3104 1135 3167 nostri
1180 3103 1284 3189 Regis

173 3211 321 3295 legitime
341 3210 470 3274 fulcito

261 3339 422 3422 Magister
440 3339 589 3402 Thomas
609 3339 763 3423 Magnus,
784 3338 1056 3402 Archidiaconus
1074 3337 1280 3423 Estridinge,

348 3442 578 3526 personaliter.

261 3574 320 3636 Mr.
340 3572 503 3656 Georgius
521 3572 664 3643 Palmes,
684 3572 833 3635 Archdn.
854 3573 1088 3646 liboracensis,
1108 3592 1211 3656 persr.

260 3702 363 3784 lllagr.
386 3701 596 3764 Cuthbertus
618 3699 788 3774 Marshall,
810 3701 960 3764 Archdn.
984 3700 1279 3786 Nottinghamiae,

346 3824 448 3888 persr.

260 3935 363 4018 llagr.
379 3932 546 3997 Ricardus
558 3933 794 4017 Landgardye,
808 3933 957 3997 Arclrdn.
972 3935 1159 4010 Clivelaud‚
1173 3955 1278 4019 persr.

259 4064 363 4147 lllagr.
386 4062 560 4127 Galiridus
581 4063 737 4138 Downes,
759 4062 887 4135 S.'l'.l'.,
910 4084 1011 4146 persr.

259 4195 363 4278 Magr.
384 4194 534 4257 Thomas
554 4194 690 4266 llersar,
711 4193 833 4267 LL.B.‚
854 4213 957 4276 persr.

254 4326 359 4411 llagr.
382 4325 554 4388 Robertus
574 4323 761 4396 Hindman,
782 4321 907 4396 LL.D.,
927 4342 1030 4405 persr.

253 4458 356 4545 llagr.
379 4456 551 4521 Robertus
570 4453 703 4529 Davell,
724 4453 849 4529 LL.l).,
869 4472 973 4539 persr.
