2918 5010
480 363 684 429 Nonrnunn
710 363 979 428 Convocnrrox.
1227 375 1288 440 105

175 556 422 641 attemptando
455 577 516 641 per
547 576 636 640 quae
670 555 854 640 privilegiis
888 556 1116 639 exemptionis
1150 561 1287 618 nostrae

174 682 247 747 quo
272 682 333 725 nos
359 681 531 725 unacum
557 659 658 725 certis
684 660 812 724 clericis
837 667 870 723 et
898 659 1067 724 officiariis
1092 659 1218 723 nostris
1244 658 1288 721 ab

171 765 374 836 ‚omnimoda
385 764 599 848 subjectione
613 763 899 828 Reverendissimi
913 763 1021 847 patris
1034 761 1286 847 Archiepiscopi

176 869 402 934 Eboracensis
427 868 557 933 Decani
582 853 617 933 et
642 867 791 952 Capituli
818 889 857 932 ac
882 888 1166 952 quorumcunque
1192 887 1288 951 prae-

177 974 272 1039 fatae
296 973 521 1038 Eboracensis
544 973 703 1037 ecclesiae
727 993 845 1036 sumus
869 973 1077 1037 auctoritate
1101 971 1290 1055 apostolica

176 1078 316 1163 penitus
332 1077 482 1142 absoluti
502 1076 731 1161 praejudicari
748 1083 809 1140 aut
830 1076 983 1162 derogari
1004 1077 1132 1160 poterit
1150 1075 1288 1160 quovis-

109 1171 117 1181 ’
176 1181 292 1255 modo,
318 1181 561 1266 promittentes
585 1202 647 1244 nos
678 1187 771 1244 ratos
802 1181 907 1264 igitur
937 1181 1088 1244 habituri
1120 1179 1290 1264 quidquid

176 1285 260 1350 dicti
282 1291 520 1369 procuratores
541 1284 648 1349 nostri
670 1305 729 1348 seu
751 1284 866 1348 nuncii
887 1292 948 1348 aut
969 1305 1087 1348 eorum
1108 1282 1290 1348 substituti

177 1396 239 1454 aut
266 1389 411 1474 alicujus
436 1389 647 1453 substitutus
674 1388 860 1452 eorundem
895 1389 1024 1473 egerint
1058 1389 1199 1453 iecerint
1230 1409 1289 1452 seu

176 1494 437 1578 procuraverint
461 1493 495 1557 in
519 1492 713 1576 praemissis
735 1513 794 1555 seu
817 1492 933 1576 aliquo
956 1494 1231 1577 praemissorum,
1255 1499 1290 1557 et

176 1598 211 1662 in
236 1597 395 1662 omnibus
419 1603 453 1662 et
478 1597 618 1682 singulis
642 1617 731 1681 quae
756 1617 817 1660 nos
842 1599 971 1681 absque
995 1599 1206 1683 praejudicio
1230 1619 1290 1662 seu

175 1702 397 1787 derogatione
441 1701 495 1765 vel
546 1702 657 1765 abusu
708 1700 879 1764 dictorum
931 1702 1186 1785 privilegiorum
1232 1724 1289 1766 ex-

175 1806 360 1890 emptionis
393 1810 531 1870 nostrae
565 1804 789 1888 personaliter
823 1805 932 1868 facere
966 1826 1143 1890 possemus
1175 1808 1289 1871 sinos

175 1910 401 1995 personaliter
419 1911 723 1993 iacerepossemus
741 1909 768 1971 si
787 1931 848 1973 nos
866 1911 1090 1993 personaliter
1108 1911 1289 1995 contigerit

175 2015 347 2079 interesse.
401 2015 441 2079 ln
465 2013 564 2098 cujus
588 2013 646 2086 rei,
672 2020 736 2077 etc.
794 2014 925 2078 Datum
950 2015 1136 2079 Londoniis
1160 2015 1211 2078 ix0
1235 2015 1289 2078 die

175 2119 301 2183 mensis
332 2118 416 2202 Julii
448 2135 519 2183 ab.
550 2125 614 2182 etc.
645 2117 757 2181 lxxvi0
788 2125 823 2182 et
854 2119 1119 2183 consecrationis
1150 2126 1288 2183 nostrae

175 2224 347 2289 tricesimo
364 2224 487 2309 primo.

670 2389 793 2455 XLIV.

300 2531 326 2590 A
346 2530 441 2591 letter
460 2531 541 2591 lrom
560 2530 741 2590 Alexander
761 2530 894 2602 Neville,
915 2532 1115 2612 Archhishop
1134 2535 1167 2594 ol
1188 2536 1285 2618 Yorlr¹

221 2634 254 2686 to
275 2627 360 2706 King
383 2627 520 2687 Richard
544 2627 588 2698 ll,
609 2626 779 2704 certilying
801 2626 854 2687 the
876 2646 1008 2688 manner
1027 2630 1061 2689 of
1080 2650 1099 2689 a
1120 2638 1194 2691 vote
1215 2632 1248 2691 ol
1268 2652 1286 2691 a

219 2722 374 2783 “decima
391 2722 556 2794 biennalis,
573 2722 667 2794 etc.,”
687 2722 750 2782 and
767 2722 865 2782 dated
892 2724 969 2800 24th
993 2724 1112 2797 March,
1136 2728 1285 2806 1377-8.*

256 2857 347 2935 [lleg.
366 2856 525 2936 Applehy,
543 2856 636 2928 Carl,
654 2857 674 2916 l.
692 2858 775 2933 3081.

264 2993 483 3057 Serenissimo
514 2993 660 3077 principi
690 3000 725 3057 et
756 2993 907 3067 domino,
941 2993 1091 3057 Domino
1126 2994 1285 3072 llicardo,

176 3097 238 3161 Dei
285 3098 407 3181 gratia,
458 3105 521 3162 etc.
579 3097 783 3170 Alexander,
832 3104 909 3169 etc..
966 3098 1123 3162 salutem.
1177 3101 1286 3165 Breve

174 3209 328 3266 vestrum
342 3202 471 3286 regium
485 3222 594 3285 nuper
606 3202 794 3285 recepimus
808 3201 841 3265 in
856 3203 939 3266 haec
953 3203 1076 3266 verba:
1108 3202 1286 3279 Ricardus,

175 3306 236 3370 Dei
257 3305 379 3391 gratia,
402 3327 459 3370 rex
480 3307 622 3390 Angliae
643 3313 676 3369 et
698 3306 872 3380 Franciae,
895 3306 1055 3370 dominus
1088 3307 1285 3386 Hiberniae,

174 3409 359 3474 venerabili
401 3410 434 3473 in
475 3409 611 3473 Christo
652 3410 753 3493 patri,
794 3417 871 3485 etc,
911 3411 1068 3474 salutem.
1133 3412 1288 3496 Qualiter

174 3515 301 3580 inimici
327 3515 436 3578 nostri
463 3515 626 3578 Franciae
652 3514 765 3579 etalii
796 3515 860 3578 sibi
884 3515 1110 3579 adhaerentes
1136 3516 1225 3582 inter
1251 3539 1286 3583 se

173 3619 301 3704 alligati
327 3625 362 3682 et
386 3619 538 3703 undique
562 3619 732 3683 hostiliter
751 3619 944 3704 congregati
967 3640 1108 3704 regnum
1129 3629 1285 3688 nostrum

173 3722 314 3808 Angliae
336 3724 370 3786 in
392 3724 546 3807 pluribus
568 3723 649 3787 locis
671 3744 730 3806 per
752 3729 877 3787 terram
899 3732 933 3787 et
955 3744 1015 3808 per
1036 3745 1129 3789 mare
1150 3728 1286 3812 saepius

173 3828 372 3898 invaserint,
403 3828 494 3892 mala
521 3828 776 3912 quamplurima
804 3834 839 3891 et
868 3828 1097 3893 intolerabilia
1125 3832 1223 3896 nobis
1251 3839 1286 3898 et

173 3932 267 4016 ligeis
295 3932 421 3997 nostris
449 3932 636 4003 inferendo,
666 3939 701 3996 et
729 3954 798 3996 non
826 3933 936 3997 solum
965 3933 1009 3997 ad
1039 3935 1103 3999 hoc
1131 3939 1286 4002 contenti

243 4068 256 4090 ⁴
276 4067 298 4115 T
301 4069 363 4115 here
378 4068 400 4116 is
413 4083 489 4115 some
509 4083 583 4116 error
601 4069 627 4115 in
648 4069 695 4116 the
716 4069 852 4116 reference
872 4069 898 4116 in
920 4070 1081 4118 Wharton's
1102 4072 1233 4128 Concilio,
1256 4075 1283 4123 in

173 4149 260 4196 which
287 4148 342 4195 this
365 4147 517 4195 document
536 4148 558 4195 is
577 4148 636 4195 said
659 4153 688 4195 to
709 4149 742 4195 he
763 4149 848 4196 lonnd
870 4149 896 4196 in
918 4149 965 4197 the
986 4150 1112 4210 llegister
1131 4151 1160 4199 ol
1180 4153 1284 4217 Bishop

175 4227 301 4291 Appleby
315 4226 344 4275 ol
357 4226 477 4280 Carlisle
494 4225 510 4272 l.
529 4238 586 4286 292.
626 4225 692 4273 'l'his
706 4227 865 4282 document,
881 4228 1016 4281 however,
1032 4228 1098 4276 does
1112 4235 1161 4278 not
1181 4245 1285 4294 appear

170 4322 206 4355 on
221 4307 284 4355 that
299 4306 364 4353 lolio
376 4322 381 4361 ;
402 4320 437 4353 on
458 4305 474 4352 i.
492 4307 541 4365 308
561 4306 638 4353 there
659 4306 680 4353 is
701 4322 717 4354 a
736 4307 895 4362 document,
915 4322 931 4354 a
951 4307 1020 4354 briei
1039 4307 1068 4355 ol
1087 4323 1104 4354 a
1124 4307 1177 4356 like
1196 4314 1283 4367 tenor,

174 4386 240 4434 with
255 4386 328 4447 large
342 4385 503 4433 variations.
542 4384 599 4432 The
614 4390 676 4433 text
691 4384 796 4432 lollows
810 4385 865 4432 this
879 4386 1039 4441 document,
1055 4386 1143 4434 which
1158 4387 1180 4435 is
1199 4389 1283 4438 dated

173 4466 239 4529 30th
253 4465 357 4521 March,
376 4476 450 4527 1379.
