2918 5010
216 390 281 457 114
608 371 782 437 Reconns
806 389 851 436 or
875 390 946 437 rue

217 567 344 631 testum
376 566 493 631 Sancti
535 565 708 628 Michaelis
743 566 945 651 Archangeli
982 567 1138 650 proxime
1175 568 1333 632 futurum

216 670 432 743 celebranda.
459 691 499 734 ac
522 690 643 734 causas
673 670 849 734 absentiae
874 679 1012 735 nostrae
1036 678 1070 735 et
1095 673 1335 736 excusationes

216 781 353 841 nostras
386 796 406 838 a
439 775 606 858 personali
642 775 900 858 comparatione
934 776 966 838 in
999 775 1092 840 dicta
1124 776 1264 850 Sinodo,
1294 798 1334 841 ac

218 880 466 964 impedimenta
482 888 600 943 nostra
617 880 650 942 in
668 879 735 943 hac
751 886 849 962 parte
865 879 1043 965 alleganda
1060 881 1284 964 proponenda
1300 890 1333 945 et

219 985 408 1069 probanda,
432 984 643 1068 ulteriusque
665 984 865 1047 laciendum
888 984 1115 1048 exercendum
1137 992 1171 1048 et
1197 986 1334 1070 expedi-

218 1089 345 1155 endum
367 1089 482 1153 omnia
505 1096 538 1151 et
560 1088 693 1172 singula
715 1109 807 1173 quae
828 1109 890 1152 nos
911 1090 945 1152 in
967 1089 1060 1152 dicta
1081 1089 1203 1154 sinodo
1225 1090 1334 1155 lacere

219 1200 401 1265 tenemur;
441 1200 475 1255 et
518 1213 580 1256 nos
621 1212 661 1255 ac
704 1192 881 1256 ecclesiam
924 1200 1079 1257 nostram
1120 1195 1333 1278 praedictam

218 1317 420 1363 concemere
432 1303 594 1380 potenrnt
606 1316 665 1358 seu
677 1296 852 1367 deberent,
865 1296 1029 1360 dilectum
1041 1298 1140 1361 nobis
1152 1298 1186 1361 in
1198 1298 1334 1362 Christo

221 1401 407 1466 Ricardum
440 1400 482 1463 de
520 1400 644 1483 Rypon
677 1400 836 1464 clericum
871 1400 1110 1465 Dunelmensis
1142 1402 1334 1467 dioeceseos

219 1512 474 1590 procuratorem
494 1510 662 1576 nostrum,
677 1504 893 1587 negotiorum
909 1512 1091 1588 gestorem,
1111 1527 1150 1570 ac
1168 1508 1332 1572 nuncium

219 1609 400 1694 specialem
425 1608 570 1672 facimus
593 1608 836 1671 constituimus
864 1615 897 1672 et
927 1609 1126 1674 ordinamus
1154 1631 1214 1694 per
1238 1632 1332 1696 prae-

219 1721 343 1779 sentes.
392 1713 522 1776 Ratum
566 1719 600 1776 et
641 1718 778 1795 gratum
821 1712 972 1776 habituri
1013 1714 1179 1799 quicquid
1218 1717 1333 1781 dictus

220 1824 422 1904 procurator
455 1822 571 1880 noster
605 1815 721 1880 lecerit
756 1816 789 1880 in
824 1817 1029 1900 praemissis.
1079 1818 1118 1882 ln
1152 1819 1253 1903 cujus
1286 1822 1332 1885 rci

219 1921 454 1988 testimonium
506 1940 614 2004 quum
664 1920 812 2004 sigillum
864 1929 1020 1986 nostrum
1073 1923 1229 2006 pluribus
1280 1933 1331 1988 est

220 2027 443 2113 incognitum,
499 2024 646 2106 sigillum
702 2025 832 2089 domini
889 2026 1129 2090 Dunelmensis
1183 2029 1332 2113 episcopi

222 2130 382 2197 Officiarii
408 2129 535 2213 apponi
560 2130 830 2212 procuravimus.
879 2130 924 2193 Et
945 2151 1008 2194 nos
1032 2130 1214 2195 officiarius
1238 2140 1333 2197 ante-

219 2236 332 2301 dictus
356 2233 401 2299 ad
422 2233 624 2297 instantiam
645 2240 678 2296 et
699 2240 858 2317 rogatum
884 2234 1050 2316 praedicti
1072 2236 1247 2299 reverendi
1269 2238 1332 2301 viri

220 2339 350 2404 domini
375 2336 519 2402 Uthredi
546 2336 671 2399 Prioris
689 2336 865 2400 Prioratus
884 2338 1049 2420 praedicti
1067 2339 1213 2423 sigillum
1231 2340 1332 2404 officii

219 2444 325 2510 nostri
358 2441 484 2526 apponi
520 2440 661 2504 lecimus
693 2441 727 2504 in
761 2440 863 2504 fidem
897 2448 931 2505 et
966 2443 1202 2507 testimonium
1235 2464 1332 2527 prae-

219 2549 408 2616 missorum.
458 2545 587 2608 Datum
606 2544 809 2608 Dunelmiae
827 2546 937 2628 primo
955 2545 1009 2609 die
1026 2547 1152 2610 mensis
1171 2548 1332 2612 Octobris

219 2650 407 2733 A.n.1386.

306 2790 819 2861 Endorsed.—Procuratorium
859 2791 980 2873 prioris
1018 2791 1060 2854 de
1097 2792 1230 2874 Fynlral
1269 2814 1331 2876 pro

219 2901 357 2969 ecclesia
385 2918 445 2962 sua
474 2896 515 2959 de
548 2894 740 2976 (ligleswrk
771 2895 804 2957 in
834 2895 954 2958 sinodo
984 2895 1025 2958 (le
1057 2896 1261 2960 Eboracum.

700 3085 794 3149 XLV
798 3085 843 3150 ΙΙ,

337 3235 403 3296 The
424 3228 584 3302 following
607 3226 678 3285 Bull
698 3226 732 3284 ol
754 3225 906 3284 Bonilace.
929 3226 974 3284 IX
998 3227 1101 3285 shows
1123 3228 1193 3287 that
1217 3234 1251 3287 at
1274 3228 1328 3288 the

259 3336 320 3399 end
335 3333 368 3395 ol
385 3331 438 3391 the
457 3323 639 3387 lourteenth
657 3330 793 3399 century
811 3322 864 3380 the
884 3322 973 3380 Prior
990 3323 1023 3380 ol
1042 3323 1185 3382 Durham
1203 3323 1328 3402 College

260 3442 294 3497 at
312 3426 433 3495 Oxlord
452 3421 515 3484 had
536 3421 590 3480 the.
611 3419 693 3495 right
715 3418 748 3476 ol
768 3418 942 3495 appearing
963 3418 993 3476 in
1015 3418 1140 3497 Synods
1161 3419 1224 3479 and
1244 3419 1325 3480 Con·

263 3527 425 3594 vocations
441 3522 484 3601 hy
499 3534 612 3599 proxy.

225 3674 346 3741 Buces
374 3665 559 3730 Bonnam
591 3650 641 3715 IX
672 3667 719 3713 ns
748 3665 996 3712 COMPARENDO
1025 3668 1062 3713 rs
1092 3650 1253 3714 Sruonrs
1283 3668 1328 3715 ar

309 3773 646 3843 Coxvocarrosruus
703 3770 769 3817 nnn
827 3770 1106 3817 rnocunaronns
1163 3772 1324 3831 rasrun,

313 3890 465 3950 niuosa
498 3876 744 3935 accersiantur
779 3874 1106 3922 ,innnonnraranuu
1142 3859 1324 3924 Corrciuo

312 3991 525 4059 Oxosrexsr.

311 4133 483 4197 manen,
494 4112 642 4183 Concilio,
658 4107 700 4178 ll,
714 4104 784 4174 618,
799 4102 882 4178 (ΝΠ.

320 4266 508 4340 ffifflffi
550 4251 725 4339 episcopus
770 4260 888 4304 servus
934 4260 1111 4303 servorum
1160 4240 1233 4315 Dei,
1279 4242 1323 4306 ad

468 4370 515 4435 :el
552 4352 755 4427 memoriam.
818 4343 920 4407 Sedes
969 4343 1158 4426 apostolica
1209 4365 1322 4410 rerum

239 4396 433 4453 mem
1001 4449 1006 4458 ,
1118 4448 1122 4457 ,
1154 4449 1159 4458 ,

302 4464 306 4469 ’
663 4450 888 4549 spiritualium
911 4448 1055 4535 provida
1079 4450 1320 4521 ministratrix.

245 4484 523 4561 -fflfflfi
544 4484 643 4535 &mm
