2918 5010
486 379 691 444 Nonrnenn
724 380 993 446 Convocnnon
1250 397 1289 462 17

175 572 314 635 mittere
336 579 554 646 curaverunt,
578 573 844 637 convocationis
865 574 1003 657 negotio
1026 574 1124 637 nobis
1147 593 1206 656 per
1226 593 1288 635 vos

175 675 343 756 injuncto,
360 676 468 739 clerus
483 676 553 759 ipse
569 677 709 741 tandem
725 683 802 760 post
818 678 1099 741 deliberationem
1115 676 1286 741 modicam
1331 660 1338 666 ⁶

175 780 275 845 vultu
291 780 389 844 hilari
404 786 437 843 et
452 781 602 864 jocundo
617 782 714 845 vobis
732 782 898 845 concessit
918 781 1103 845 liberaliter
1117 781 1286 846 decimam

174 885 363 949 secundum
392 886 606 949 taxationem
635 885 928 966 Northwicensem
949 907 1089 950 suorum
1114 886 1285 950 ecclesias-

175 990 322 1054 ticorum
357 997 590 1073 proventuum
624 990 727 1074 hujus
767 991 845 1053 anni
884 990 1087 1071 solvendum
1122 991 1155 1055 in
1190 990 1286 1054 lestis

176 1094 395 1158 Pentecostes
411 1101 444 1158 et
462 1095 554 1158 beati
572 1095 709 1159 Martini
727 1095 853 1158 futuris
869 1095 1033 1177 proxime,
1051 1114 1112 1178 per
1125 1095 1285 1179 aequales

176 1199 370 1282 portiones:
396 1199 445 1263 ita
476 1199 569 1283 quod
600 1220 660 1282 per
691 1200 842 1262 loconnn
874 1199 1074 1264 Ordinarios
1105 1199 1286 1284 colligatur

175 1301 372 1385 hujusmodi
394 1303 526 1367 decima
548 1308 582 1365 et
605 1302 759 1375 levetur:
796 1303 990 1385 praelatum
1015 1311 1133 1368 autem
1158 1304 1284 1368 Dunel-

174 1426 324 1471 mensem
337 1408 534 1490 episcopum
547 1427 626 1471 cum
638 1426 700 1471 suo
713 1407 802 1471 clero
816 1407 959 1471 lecimus
972 1408 1099 1472 iterato
1110 1407 1225 1472 vocari
1239 1407 1283 1472 ad

175 1511 264 1575 diem
281 1511 436 1576 Mercurii
454 1512 649 1593 proximum
666 1518 744 1594 post
763 1512 891 1576 testum
913 1512 1127 1595 Epiphaniae
1146 1512 1282 1577 Domini

175 1616 208 1679 in
231 1623 348 1679 nostra
371 1615 577 1680 Eboracensi
598 1615 748 1688 ecclesia,
767 1623 806 1680 ut
830 1616 921 1699 ipsos
935 1615 990 1684 ad
1013 1617 1282 1699 praestationem

174 1719 271 1783 simul
312 1718 463 1784 decimae
501 1741 580 1785 cnm
619 1720 693 1784 aliis
732 1719 946 1784 inducamus¹
995 1720 1180 1785 Conservet
1220 1741 1282 1784 vos

176 1823 342 1888 Ecclesiae
359 1832 392 1888 et
410 1825 537 1907 populo
553 1845 615 1889 suo
632 1825 801 1889 Dominus
820 1844 880 1908 per
897 1831 1053 1908 tempora
1068 1845 1231 1909 prospera
1247 1832 1281 1889 et

175 1928 349 2012 longaeva.
399 1929 529 1993 Datum
546 1929 640 2012 apud
656 1930 772 2012 Thorp
789 1946 828 1991 v0
845 1930 921 1994 idus
938 1930 1031 2003 Dec,
1050 1945 1083 1994 Α.
1102 1946 1135 1994 c..
1150 1946 1279 1994 mccxc

689 2083 767 2147 Vll.

294 2197 359 2259 viii.
404 2199 430 2257 A
453 2198 523 2257 writ
546 2198 579 2256 ol
601 2197 713 2277 Henry
735 2198 882 2269 Newarlr,
906 2199 1107 2277 Archbishop
1127 2199 1161 2259 ol
1183 2199 1281 2271 York‚

214 2295 285 2355 who
301 2295 365 2355 had
381 2295 459 2354 been
475 2314 494 2355 a
509 2295 594 2355 clerk
609 2295 642 2355 ol
660 2295 798 2355 Edward
816 2295 841 2364 l,
860 2296 936 2355 then
952 2295 1042 2355 Dean
1058 2295 1092 2355 of
1114 2295 1202 2357 York
1217 2298 1281 2358 and

215 2389 308 2450 Vicar
332 2389 477 2461 General,
502 2390 549 2449 lor
572 2409 591 2449 a
613 2389 830 2449 Convocation
855 2397 889 2450 to
913 2390 951 2449 be
973 2389 1046 2449 held
1068 2397 1103 2450 at
1127 2391 1225 2461 York,
1250 2393 1280 2451 in

215 2486 267 2545 the
292 2484 416 2546 Octave
442 2486 475 2545 ol
504 2486 551 2545 St.
581 2486 745 2544 Andrew's
772 2485 854 2563 Dav,
884 2502 971 2563 1297,
999 2485 1169 2546 addressed
1200 2487 1281 2547 from

215 2581 440 2660 Buntinglord,
457 2582 488 2641 in
511 2581 758 2650 Hertlordshire‚
783 2588 817 2640 to
840 2580 925 2658 John
949 2580 1082 2652 Halton,
1107 2581 1227 2662 Bishop
1249 2584 1283 2644 ot

213 2675 349 2738 Carlisle.
393 2678 469 2737 This
479 2677 555 2736 writ
570 2677 715 2736 contains
730 2695 749 2735 a
767 2682 941 2736 statement
966 2679 1038 2737 that
1060 2684 1211 2739 connects
1227 2680 1281 2739 the

214 2781 287 2833 vote
301 2773 334 2832 ol
356 2772 496 2851 supplies
511 2773 588 2832 with
606 2772 659 2832 the
674 2771 763 2850 roval
788 2772 926 2850 promise
945 2781 979 2832 to
995 2774 1117 2833 behave
1133 2774 1281 2855 honestly

214 2868 255 2947 by
292 2870 346 2929 the
379 2869 477 2929 Great
514 2868 657 2936 Chanes,
689 2869 752 2927 and
786 2868 840 2928 the
872 2868 982 2929 Forest
1014 2869 1156 2930 Charter.
1213 2870 1281 2933 The

213 2966 403 3026 exhaustion
423 2966 457 3026 of
479 2967 533 3026 the
554 2964 671 3031 North,
689 2965 771 3025 lrorn
792 2963 934 3025 Scottish
956 2965 1051 3035 raids,
1072 2967 1135 3027 had
1157 2975 1192 3028 at
1215 2970 1279 3030 this

213 3061 289 3123 time
303 3063 384 3122 been
399 3080 478 3140 very
492 3068 591 3140 great.

252 3182 344 3260 [Reg.
364 3181 494 3241 Henrici
511 3183 550 3241 de
568 3182 704 3241 Newark
722 3181 830 3249 Ebot..
850 3181 870 3241 l.
890 3183 931 3257 2].

251 3302 410 3379 [Wilkins
430 3303 580 3371 Concilio,
602 3303 643 3373 ΙΙ,
664 3304 746 3379 235].

259 3426 302 3490 H.
333 3425 552 3511 permissione
580 3424 697 3488 divina
727 3424 829 3489 Ebor.
855 3424 993 3499 electus,
1026 3425 1212 3489 venerabili
1244 3426 1275 3492 in

175 3527 304 3594 Christo
320 3529 411 3613 patri
425 3527 566 3592 domino
584 3528 615 3610 J.
635 3529 755 3593 eadem
768 3529 879 3613 gratia
895 3528 1093 3594 Carliolensi
1105 3529 1276 3615 episcopo,

173 3632 326 3708 salutem,
351 3637 386 3697 et
410 3632 559 3696 sincerae
583 3632 762 3695 charitatis
785 3633 989 3697 continuum
1013 3633 1274 3700 incrementum.

173 3735 253 3802 Cum
279 3737 513 3802 serenissimus
538 3736 695 3819 princeps
721 3733 881 3798 dominus
908 3742 1025 3800 noster
1051 3758 1109 3801 rex
1135 3738 1277 3824 Angliae

173 3840 308 3907 illustris
325 3841 486 3926 Magnam
503 3841 642 3904 Cartam
659 3838 701 3902 de
720 3838 949 3913 libertatibus,
964 3845 998 3904 et
1015 3840 1155 3907 Cartam
1172 3843 1277 3908 etiarn

172 3944 210 4010 de
233 3947 386 4020 Foresta,
412 3966 452 4010 ac
476 3945 590 4009 omnia
615 3949 649 4007 et
674 3941 808 4027 singula
830 3942 865 4006 in
889 3942 1017 4007 eisdem
1040 3952 1205 4011 contenta
1229 3947 1277 4012 in-

172 4057 373 4134 perpetuum
398 4055 432 4113 et
457 4048 701 4113 inviolabiliter
725 4044 952 4119 observanda,
978 4045 1067 4110 clero
1091 4054 1126 4112 ct
1150 4052 1277 4133 populo

172 4153 357 4240 Anglicano
381 4153 582 4217 concesserit
609 4172 671 4236 pro
695 4149 847 4215 subsidio
872 4151 916 4213 ab
941 4147 1071 4214 eisdem
1095 4152 1276 4229 habendo;

171 4276 379 4343 regnumque
400 4256 543 4341 Angliae
567 4264 619 4320 tot
643 4263 677 4319 et
706 4254 812 4318 tantis
835 4251 1032 4337 expositum
1054 4253 1099 4315 sit
1121 4253 1278 4335 periculis

170 4363 446 4448 circumquaque,
469 4367 503 4425 et
524 4361 673 4424 maxime
690 4360 724 4424 in
742 4359 868 4423 nostris
888 4355 1047 4442 partibus
1068 4354 1277 4436 Borealibns,

170 4474 207 4533 ut
226 4475 279 4533 est
301 4472 437 4541 notum,
460 4465 554 4551 quod
577 4486 638 4549 pro
661 4463 857 4528 defensione
880 4461 987 4547 ipsius
1008 4460 1099 4524 idem
1120 4459 1280 4527 dominus

343 4588 361 4632 2
