2918 5010
449 377 665 443 Nouruunu·
685 378 954 445 Convocnrron.
1210 387 1251 459 5'3'

138 570 385 653 paternitatem
446 571 667 636 reverendam
729 591 888 656 rogamus
951 570 1153 655 requirimus
1213 575 1248 634 et

137 673 317 740 hortamur
339 674 374 739 in
399 675 560 751 Domino,
572 696 613 739 ex
638 675 841 750 abundanti,
866 676 1141 759 praemunientes
1163 694 1247 759 qua-

138 782 239 842 tenus
268 778 370 843 dictis
397 779 451 843 die
487 785 521 843 et
555 778 628 843 loco
658 779 815 863 praelato
844 779 987 843 concilio
1024 778 1249 862 personaliter

138 880 313 958 intersitis
357 884 537 948 tractaturi
579 883 768 949 ordinaturi
807 890 1030 968 vestrumque
1067 883 1246 948 consilium

137 986 334 1071 impensuri,
364 1009 496 1052 necnon
536 995 570 1052 et
608 988 732 1052 tacturi
764 988 906 1052 ulterius
936 989 971 1052 in
1003 988 1122 1052 eodem
1152 987 1247 1073 quod

136 1089 272 1174 justitia
300 1099 335 1155 et
365 1093 522 1177 aequitas
551 1092 756 1157 suadebunt.
805 1093 905 1157 Diem
933 1112 1015 1156 vero
1044 1092 1247 1177 receptionis

137 1197 369 1279 praesentium
409 1203 443 1260 et
481 1218 706 1282 quaecunque
746 1197 902 1261 iacienda
941 1197 1108 1262 duxeritis
1146 1196 1246 1262 nobis

136 1301 223 1363 citra
240 1300 366 1365 festum
384 1301 516 1366 instans
533 1302 565 1366 S.
580 1300 702 1384 Jacobi
719 1302 854 1365 rescribi
873 1302 1021 1384 petimus
1037 1322 1097 1386 per
1112 1309 1246 1365 vestras

136 1404 253 1468 literas
303 1411 462 1489 patentes
511 1426 599 1489 quae
644 1406 766 1470 harum
811 1407 931 1470 seriem
976 1410 1244 1490 repraesentent.

138 1508 270 1573 Datum
289 1509 435 1574 Eboraci
454 1509 519 1593 iiij⁰
536 1509 613 1574 idus
631 1509 725 1593 Julii,
746 1526 816 1575 no.
839 1527 932 1591 1311.

641 1725 741 1792 XXI.

258 1878 333 1939 xvii.
377 1879 453 1938 This
478 1879 650 1938 document
671 1898 735 1938 was
762 1879 905 1938 lollowed
932 1898 973 1938 on
1000 1879 1053 1938 the
1080 1887 1157 1939 next
1182 1879 1247 1958 day

179 1973 222 2051 hy
252 1974 305 2033 the
336 1973 496 2052 following
519 1974 613 2034 letter
642 1981 676 2034 to
707 1975 761 2035 the
792 1975 887 2053 King‚
913 1976 961 2034 lor
987 1976 1041 2034 the
1070 1975 1186 2035 release
1212 1975 1246 2034 ol

178 2069 309 2141 Walter,
326 2070 447 2148 Bishop
470 2071 503 2129 ol
526 2070 689 2149 Coventry
704 2071 768 2130 and
793 2070 954 2141 lichfield,
973 2071 1054 2130 lrom
1078 2070 1244 2149 imprison·

177 2173 264 2225 ment
281 2166 312 2225 in
330 2166 417 2225 York
436 2166 553 2235 Castle,
570 2168 706 2229 whither
721 2168 760 2229 he
776 2168 839 2228 had
859 2169 939 2228 been
956 2168 1148 2228 transferred
1165 2168 1246 2228 lrom

178 2262 233 2322 the
249 2262 362 2341 King’s
377 2263 494 2341 prison.

136 2435 166 2497 Α
196 2434 338 2498 Lerrrsu
370 2453 467 2500 raon
499 2454 570 2501 rur.
602 2438 757 2502 Brsrrops
789 2455 865 2500 nuo
894 2437 1074 2501 Maurius
1101 2454 1146 2501 or
1174 2453 1245 2500 rur

225 2539 450 2604 Pnovrncmr
481 2541 642 2605 Cooucrr
676 2543 734 2623 (on
766 2542 1037 2624 Convocnrron)
1073 2558 1170 2606 uero
1201 2558 1247 2605 nr

226 2643 330 2708 Yorur
356 2662 401 2708 ro
427 2644 591 2708 Eownrm
618 2646 665 2720 II,
692 2663 765 2710 zuo
791 2647 902 2730 Juuir,
931 2665 1024 2726 1311.

218 2811 309 2891 [Reg.
324 2812 392 2872 Ric.
408 2811 557 2880 Kellawe,
575 2810 634 2889 Ep.
649 2811 808 2880 Dunelm.‚
825 2827 891 2890 7a;
916 2812 994 2890 Reg.
1008 2812 1123 2881 Palat,
1143 2813 1167 2882 l,
1184 2812 1246 2889 38].

225 2983 520 3047 Excellentissimo
551 2983 697 3066 principi
726 3004 765 3047 ac
797 2983 937 3047 domino
968 3004 1030 3047 suo
1061 2984 1247 3057 carissimo,

138 3087 279 3152 domino
298 3088 337 3151 E.
353 3087 415 3151 Dei
433 3086 552 3151 Gratia
572 3087 640 3171 regi
657 3086 800 3172 Angliae
818 3088 952 3160 illustri,
967 3087 1108 3151 domino
1126 3087 1248 3150 Hiber-

137 3191 216 3256 niae
254 3199 289 3255 et
327 3192 405 3256 duci
440 3191 660 3276 Aquitaniae,
697 3192 749 3256 sui
784 3191 930 3256 humiles
964 3198 998 3254 et
1037 3190 1154 3254 devoti
1194 3189 1262 3254 W.·

140 3295 346 3379 [Greneleld]
393 3296 614 3381 permissione
653 3297 770 3361 divina
818 3296 921 3362 Ebor.
962 3295 1247 3379 archiepiscopus

137 3400 280 3485 Angliae
301 3401 438 3485 primas,
462 3400 630 3465 Ricardus
655 3400 810 3483 [Kellaw]
838 3400 958 3464 eadem
981 3398 1093 3484 gratia
1118 3398 1248 3463 Dunol-

137 3505 273 3579 mensis,
305 3512 339 3567 et
371 3504 521 3570 Thomas
555 3505 708 3587 [Dalton]
743 3503 917 3569 Candidae
949 3503 1054 3568 Casae
1086 3502 1247 3587 episcopi,

139 3629 180 3672 ae
204 3608 328 3673 caeteri
353 3609 395 3673 de
419 3609 508 3674 clero
532 3610 634 3673 Ebor.
662 3609 856 3693 provinciae
881 3607 974 3691 apud
997 3608 1192 3671 Eboracum
1213 3607 1248 3671 in

139 3712 340 3797 provinciali
364 3713 507 3778 concilio
530 3713 737 3798 congregati,
762 3712 909 3777 salutem
936 3732 1015 3777 curn
1042 3710 1249 3776 omnimodis

141 3818 331 3882 reverentia
348 3823 382 3881 et
399 3818 536 3882 honore.
585 3817 701 3902 Exigit
718 3816 906 3881 honorifica
923 3817 1015 3901 regia
1026 3816 1194 3880 celsitudo
1210 3821 1249 3879 ut

141 3923 174 3986 in
204 3922 359 4007 regendis
385 3921 543 3994 subditis,
565 3922 618 3985 his
639 3921 838 4004 praesertim
859 3921 918 4007 qui
943 3922 1001 4004 [in]
1025 3921 1166 3986 ecclesia
1187 3920 1250 3984 Dei

143 4027 287 4109 gradum
312 4027 470 4090 obtinent
493 4025 712 4100 eminentem,
738 4026 895 4109 exemplo
919 4025 1051 4090 Summi
1076 4024 1188 4109 Regis,
1215 4025 1248 4089 in

142 4130 240 4213 cujus
277 4151 383 4194 manu
419 4130 523 4194 corda
561 4136 641 4194 sunt
680 4150 796 4215 regum
832 4131 985 4195 omnium
1025 4136 1248 4203 terrenorum,

142 4254 361 4319 nequaquam
387 4236 563 4317 potentiae
583 4235 821 4319 magnitudine
843 4234 1029 4308 abutendo,
1051 4239 1250 4298 mansuetu-

140 4338 254 4403 dinem
278 4346 393 4402 teneat
417 4346 451 4401 et
476 4340 509 4403 in
534 4339 657 4422 spiritu
681 4345 880 4422 permaneat
905 4337 1057 4401 lenitatis
1078 4344 1250 4421 quatenus

139 4443 241 4527 juxta
269 4443 440 4527 Sapientis
468 4441 602 4527 eloquia
635 4441 895 4506 “Misericordia
921 4447 955 4506 et
984 4442 1111 4507 veritas
1138 4460 1249 4526 regem
