2962 5002
193 376 253 440 132
577 356 749 421 chouns
773 373 818 420 or
841 374 913 421 rue

192 550 448 617 drclridiaconis
471 550 657 614 abhatibus
681 549 850 632 prioribus
874 571 914 613 ac
937 549 1058 613 ceteris
1081 547 1302 614 eeclesiarum

191 656 353 741 praehdis
373 661 478 739 atque
500 654 778 738 procuratoribus
799 673 861 736 pro
881 654 1100 717 ecclesiarum
1120 652 1303 717 consilium

192 760 263 839 (sic)
277 767 337 824 aut
351 760 608 843 collegiatarum
619 757 780 842 capitulis
791 766 850 823 aut
862 759 952 822 clero
962 764 1097 820 vestrae
1110 757 1304 821 dioeceseos

191 864 225 929 in
258 864 366 928 fomra
398 862 596 947 supradicti
628 862 754 935 electis
788 869 890 945 prout
923 868 1057 925 vestrae
1090 860 1302 925 fraternitati

191 976 308 1032 tenore
332 968 564 1052 praesentium
588 965 845 1040 denunciamus,
870 966 963 1050 quod
988 986 1049 1030 nec
1073 984 1136 1028 vos
1158 971 1221 1029 aut
1244 985 1303 1029 eos

190 1074 244 1137 vel
285 1093 402 1137 ecirurn
443 1073 592 1155 aliquem
634 1072 697 1134 hac
737 1071 810 1134 vice
851 1071 920 1135 ullo
960 1070 1063 1134 modo
1097 1067 1303 1134 habebimus

189 1184 371 1241 excusatos
412 1176 466 1239 vel
507 1181 720 1238 excusatum.
770 1175 881 1238 Immo
922 1175 955 1238 in
997 1195 1079 1238 casu
1120 1194 1190 1258 quo
1231 1194 1301 1238 non

189 1280 443 1364 comparuerint
467 1280 499 1342 in
521 1279 630 1341 forma
650 1276 860 1360 supradicta,
882 1278 1000 1340 acriori
1022 1298 1092 1361 quo
1112 1277 1302 1361 poterimus

190 1384 292 1448 modo
324 1385 482 1446 absentes
514 1382 705 1464 puniemus,
734 1387 768 1441 et
797 1399 837 1441 eo
867 1381 1006 1462 gravius
1038 1389 1072 1443 ot
1111 1382 1302 1446 ferventius

188 1508 258 1572 quo
278 1487 390 1550 Deum
410 1492 444 1548 et
464 1491 719 1548 sacrosanctam
739 1483 915 1546 ecclesiam
935 1483 1034 1565 cujus
1055 1506 1159 1549 causa
1179 1492 1302 1569 agetur

189 1597 222 1654 et
242 1610 304 1654 nos
322 1589 396 1672 ejus
415 1589 610 1652 ministrum
630 1589 756 1652 ibidem
776 1588 810 1650 in
829 1608 897 1650 non
917 1588 1086 1652 veniendo
1106 1598 1144 1653 ut
1164 1590 1303 1655 videtur

189 1695 350 1759 duxerint
374 1693 677 1776 contempnendos.
726 1692 832 1755 Vobis
856 1692 994 1775 insuper
1018 1693 1237 1778 injungentes
1261 1702 1300 1759 ut

189 1818 251 1863 nos
289 1804 467 1861 nostrosve
506 1798 540 1860 in
580 1798 643 1861 hac
679 1803 776 1880 parte
813 1796 1085 1861 locumtenentes
1117 1819 1176 1863 seu
1208 1819 1300 1863 com·

189 1903 360 1967 missarios
388 1903 489 1966 dictis
516 1903 570 1966 die
599 1910 632 1966 et
662 1903 735 1966 loco
762 1900 856 1984 quod
882 1901 1039 1973 feceritis,
1065 1911 1126 1966 aut
1154 1923 1215 1984 per
1238 1923 1301 1968 vos

188 2008 320 2071 factum
340 2007 443 2071 fuerit
466 2008 499 2070 in
522 2006 726 2090 praemissis
748 2005 863 2068 debite
886 2006 1080 2070 certificetis
1101 2028 1161 2090 per
1180 2008 1301 2071 literas

188 2116 321 2173 vestras
336 2117 495 2192 patentes
512 2110 615 2192 hujus
630 2109 784 2173 mandati
803 2111 911 2173 nostri
927 2112 1047 2174 seriem
1063 2118 1096 2175 et
1113 2113 1301 2176 citatorum

187 2214 327 2277 nomina
356 2220 491 2276 vestrae
517 2212 630 2276 <lictae
663 2212 854 2276 dioeceseos
886 2215 919 2278 in
949 2215 1112 2279 schedula
1140 2222 1302 2299 separata

187 2317 311 2381 vestris
332 2317 442 2380 literis
464 2317 713 2380 certificatoriis
735 2319 878 2381 annexis
902 2319 1051 2400 plenarie
1071 2320 1299 2386 continentes

189 2420 400 2504 Insuperque
418 2441 487 2483 non
506 2419 679 2483 modicum
698 2421 804 2484 immo
821 2425 1073 2504 permaximum
1096 2432 1130 2487 et
1153 2444 1195 2488 ex
1218 2425 1301 2508 ipsis

187 2544 299 2589 rerum
322 2523 532 2604 argumentis
557 2525 838 2606 probatissimum
861 2527 974 2590 sortiri
1000 2528 1085 2591 solet
1111 2528 1297 2593 effectum:

186 2629 382 2713 deprecatio
413 2628 496 2711 justi
529 2627 691 2699 assidua;
732 2637 765 2691 et
798 2630 943 2701 difficile,
976 2632 1059 2715 quin
1091 2634 1204 2697 verius
1236 2634 1298 2698 im-

186 2733 356 2818 possibile,
375 2740 424 2795 est
443 2737 481 2795 ut
499 2752 567 2794 non
592 2732 805 2815 impetretur,
823 2734 917 2817 quod
934 2736 1123 2800 multorum
1140 2737 1294 2801 unanimi

186 2859 225 2902 ac
241 2836 311 2921 jugi
325 2836 503 2919 petitione,
515 2855 584 2898 non
598 2835 641 2898 ad
655 2836 860 2920 cujusquam
875 2840 1063 2921 temporale
1075 2841 1296 2905 commodum

185 2942 244 3006 sed
276 2940 320 3004 ad
353 2940 414 3002 Dei
448 2939 583 3002 laudem
615 2948 648 3003 ct
681 2943 974 3024 prosperationem
1002 2965 1083 3008 suae
1115 2944 1296 3007 militantis

185 3045 345 3110 ecclesiae
372 3044 463 3126 juste
492 3045 698 3127 postulatur,
724 3045 858 3110 dicente
883 3048 1023 3112 domino
1047 3050 1080 3113 in
1106 3049 1293 3132 Evangelio

186 3151 206 3176 ‘⁴
222 3149 393 3234 Quicquid
410 3155 547 3211 orantes
563 3149 682 3231 petitis
697 3150 835 3223 credite,
853 3158 887 3215 et
904 3151 961 3214 fiet
979 3153 1077 3216 vobis
1093 3151 1111 3172 ’‘
1134 3151 1292 3215 fraterni-

185 3255 250 3320 tati
277 3259 411 3316 vestrae
436 3251 641 3315 mandamus
662 3262 834 3336 quatenus
858 3261 929 3319 tam
956 3257 988 3319 in
1015 3255 1154 3321 ecclesia
1178 3264 1294 3322 vestra

185 3357 409 3424 Dunolmensi
457 3377 562 3440 quam
611 3357 684 3420 aliis
731 3359 879 3423 ecclesiis
926 3361 1212 3424 conventualibus
1259 3369 1293 3426 et

185 3463 371 3547 collegiatis
409 3469 481 3524 tam
520 3461 730 3544 regularibus
767 3483 872 3545 qrram
911 3463 1122 3527 secularibus
1160 3485 1293 3529 necnon

185 3566 437 3655 parochialibus
472 3565 619 3628 ecclesiis
645 3573 838 3631 vestrarum
864 3568 1016 3632 civitatis
1042 3576 1076 3632 et
1102 3568 1294 3633 dioeceseos

183 3675 304 3739 diebus
330 3670 508 3734 dominicis
535 3676 568 3731 et
597 3669 728 3733 festivis
754 3672 910 3735 subditos
937 3679 1069 3735 vestros
1095 3672 1233 3736 clericos
1259 3681 1294 3737 et

185 3778 287 3843 laicos
316 3793 551 3859 quoscumque
582 3772 664 3836 inibi
695 3776 881 3838 existentes
911 3775 1093 3838 efficaciter
1122 3775 1295 3840 inducatis

184 3890 217 3947 et
243 3878 421 3952 moneatis,
448 3877 576 3940 moneri
601 3876 783 3941 efficaciter
806 3899 864 3942 seu
890 3879 1002 3942 induci
1030 3879 1173 3949 faciatis,
1199 3881 1293 3963 quod

184 3987 247 4071 ipsi
273 3983 421 4048 universi
446 3988 480 4044 et
505 3981 626 4061 singuli
653 3982 882 4063 omnipotenti
909 3983 1039 4045 Deoia
1064 3982 1162 4065 cujus
1188 4004 1293 4048 manu

184 4091 286 4157 corda
305 4094 385 4152 sunt
408 4087 550 4170 Regum,
572 4094 610 4149 ut
630 4086 959 4150 Clrristianissimum
982 4087 1109 4170 Regem
1134 4095 1292 4152 nostrum

183 4197 254 4261 zelo
287 4192 421 4257 unionis
453 4190 711 4263 ecclesiasticae,
745 4196 783 4252 ut
817 4190 1062 4271 praemittitur,
1098 4191 1292 4255 beatissime

182 4318 362 4367 accensum
409 4295 442 4358 in
488 4314 527 4356 eo
573 4293 764 4357 firmissime
809 4294 972 4365 stabilire,
1020 4295 1200 4378 ipsumque
1245 4296 1293 4359 sic

182 4404 374 4471 stabilitum
409 4398 452 4463 ad
488 4404 559 4461 tam
593 4404 752 4462 sanctum
787 4404 928 4484 tamque
962 4398 1041 4461 felix
1076 4399 1292 4484 propositum
