2918 5010
195 357 257 444 136
580 358 752 429 Reconns
776 382 821 428 or
845 381 916 429 rna

193 577 254 620 vos
274 557 421 620 citamus
434 564 607 641 quatenus
624 556 678 620 die
697 556 796 639 Jovis
812 556 970 640 proximo
987 563 1066 640 post
1086 556 1306 622 Dominicam

193 681 262 744 qua
285 666 448 725 cantatur
470 661 575 745 Quasi
599 660 701 725 modo
723 661 841 745 geniti,
866 662 929 725 viz.
955 661 1079 726 ultimo
1102 662 1156 726 die
1179 662 1308 727 mensis

194 764 320 848 Aprilis
344 765 499 848 proxime
524 772 681 839 venturo,
707 785 823 828 coram
848 766 946 830 nobis
971 786 1030 831 seu
1055 767 1183 831 nostris
1207 765 1308 831 Com-

195 869 357 932 missariis
382 890 450 933 uno
474 869 528 932 vel
552 868 717 952 pluribus,
744 869 777 932 in
802 869 942 933 ecclesia
966 875 1084 934 nostra
1109 869 1308 934 cathedrali

196 974 404 1038 Eboraeensi
432 974 656 1058 personaliter
683 975 911 1056 compareatis
938 995 1016 1038 cum
1044 974 1309 1038 continuatione

196 1084 231 1142 et
265 1079 505 1164 prorogatione
538 1079 670 1143 dierum
705 1086 788 1142 tunc
821 1079 1039 1161 sequentium
1072 1084 1107 1142 et
1141 1079 1308 1154 locorum,

198 1183 364 1257 iacienda,
390 1183 417 1246 si
442 1189 612 1265 oporteat,
639 1183 683 1246 ad
708 1183 930 1247 tractandum
955 1205 1024 1247 una
1047 1184 1230 1249 nobiscum
1249 1203 1310 1248 seu

200 1286 301 1350 dictis
318 1286 445 1350 nostris
464 1287 711 1350 Commissariis
735 1286 946 1370 caeterisque
970 1286 1146 1370 praelatae
1170 1292 1311 1351 nostrae

198 1391 393 1474 provinciae
420 1391 582 1473 praelatis
609 1397 714 1475 atque
740 1392 829 1455 clero
856 1390 898 1454 de
925 1398 959 1454 et
986 1412 1088 1475 super
1113 1391 1311 1475 praemissis

198 1494 313 1558 arduis
328 1501 362 1557 et
378 1494 579 1578 urgentibus
594 1494 739 1577 negotiis
755 1517 794 1559 ac
809 1496 981 1560 contentis
997 1496 1031 1559 in
1047 1496 1152 1559 literis
1167 1503 1310 1561 sanctae

197 1598 320 1681 synodi
347 1598 570 1661 Constantiae
597 1599 694 1661 nobis
722 1598 859 1662 directis
886 1606 970 1664 tunc
997 1599 1124 1663 ibidem
1150 1600 1311 1665 seriosius

199 1701 411 1765 reservandis
449 1709 600 1766 vestram
636 1722 738 1785 super
772 1703 819 1765 eis
856 1703 1022 1767 auxilium
1058 1709 1093 1767 et
1128 1703 1311 1769 consilium

199 1805 412 1888 impensuris,
446 1812 480 1869 et
509 1806 553 1869 ad
581 1806 864 1870 consentiendum
899 1808 950 1870 his
983 1829 1072 1892 quae
1105 1808 1236 1873 ibidem
1269 1828 1311 1872 ex

199 1909 444 1977 deliberatione
470 1911 643 1974 communi
671 1909 714 1973 ad
742 1911 905 1974 honorem
933 1911 995 1973 Dei
1023 1917 1057 1973 et
1084 1911 1245 1976 ecclesiae
1272 1933 1312 1977 ac

199 2014 431 2099 praelatorum
446 2021 480 2078 et
495 2014 573 2078 cleri
588 2013 700 2078 dictae
714 2015 911 2097 provinciae
925 2016 1114 2079 utilitatem
1128 2016 1313 2101 contigerit

200 2120 360 2193 ordinari,
399 2120 662 2204 faciendumque
705 2120 847 2184 ulterius
885 2126 920 2183 et
960 2126 1178 2204 receptumm
1216 2121 1313 2206 quod

199 2224 331 2309 justum
351 2223 451 2286 luerit
469 2230 502 2286 et
520 2224 784 2306 praemissorum
801 2224 952 2308 qualitas
968 2225 1073 2309 exigit
1091 2231 1125 2288 et
1143 2226 1310 2309 requirit:
1336 2251 1342 2260 ··

201 2334 334 2393 vestrae
370 2328 508 2411 insuper
544 2328 752 2391 fraternitati
789 2327 999 2411 injungimus
1034 2333 1069 2391 et
1104 2328 1313 2393 mandamus

200 2440 372 2519 quatenus
382 2433 527 2514 priorem
539 2439 572 2495 et
582 2431 772 2514 capitulum
784 2431 943 2494 ecclesiae
952 2437 1086 2494 vestrae
1096 2430 1313 2495 Catlredralis

202 2535 450 2608 Dunelmensis‚
466 2535 629 2608 Abbates,
645 2534 772 2616 priores
789 2534 988 2599 Conventus
1001 2535 1065 2598 sub
1082 2554 1118 2598 se
1131 2534 1311 2611 habentes

202 2641 478 2711 Arclridiacouos,
501 2640 666 2712 Decanos,
688 2638 912 2721 praepositos,
934 2645 968 2701 et
989 2638 1073 2701 alios
1093 2638 1313 2703 ecclesiarum

202 2748 373 2836 praelatos
402 2750 579 2826 exemptos
605 2748 639 2805 et
665 2762 732 2805 non
758 2748 936 2824 exemptos
961 2748 1096 2804 vestrae
1120 2740 1315 2806 dioeceseos

202 2870 436 2943 quoscumque
469 2856 502 2911 et
535 2847 662 2911 clerum
696 2867 827 2909 necnon
861 2847 1013 2930 capitula
1047 2854 1240 2912 conventus
1279 2855 1313 2911 et

203 2958 342 3042 collegia
372 2952 526 3038 ejusdem
559 2951 751 3014 dioeceseos
783 2952 881 3015 citari
914 2952 1048 3015 faciatis
1084 2953 1315 3036 peremptorie

203 3065 296 3157 quod
321 3062 421 3127 iidem
447 3058 547 3141 prior,
570 3058 724 3132 abbates,
747 3057 884 3140 priores,
907 3055 1148 3130 archidiaconi,
1171 3056 1312 3129 Decani,

205 3167 387 3264 praepositi
409 3171 441 3227 et
465 3163 588 3226 caeteri
606 3162 823 3225 ecclesiarum
840 3158 996 3243 praelati,
1015 3158 1166 3241 exempti
1188 3165 1222 3222 et
1244 3178 1314 3222 non

205 3274 365 3363 exempti,
391 3269 598 3354 <plicamque
623 3264 857 3350 personaliter,
884 3262 1037 3345 capitula
1062 3269 1253 3325 conventus
1279 3269 1314 3325 et

207 3383 343 3469 collegia
366 3394 424 3464 per
446 3391 563 3443 unuin,
582 3370 758 3452 clerusque
779 3374 913 3429 vestrae
936 3366 1127 3429 dioeceseos
1147 3385 1207 3449 per
1226 3364 1315 3431 duos

208 3469 440 3586 puuuratores
473 3473 653 3539 sullieienti
688 3478 862 3556 potestate
896 3471 1055 3534 suffultos
1089 3478 1313 3553 compareant

207 3618 321 3672 mnam
345 3586 442 3657 nobis
466 3602 524 3645 sen
550 3577 675 3641 uostris
700 3574 947 3639 t‘ornmissariis
972 3595 1041 3638 uno
1067 3575 1120 3637 vel
1146 3573 1313 3657 pluribus,

216 3716 284 3777 3000
309 3712 341 3765 et
370 3694 424 3761 die
452 3683 605 3770 superius
635 3679 850 3763 expressatis,
881 3699 959 3741 curn
988 3679 1249 3742 continuatione
1278 3686 1314 3742 et

217 3805 444 3907 pastinatione
460 3792 589 3860 dierum
609 3793 690 3848 tunc
706 3782 923 3866 sequentium
944 3789 977 3845 et
1002 3782 1164 3856 locorum,
1182 3803 1314 3865 suaque

221 3880 349 3993 mrim
381 3918 413 3975 et
442 3895 567 3968 auxilia
593 3888 860 3974 impendendum
890 3894 922 3950 et
956 3888 999 3951 ad
1028 3886 1314 3950 consentiendum

221 3984 278 4095 ,Ἢ-
306 4024 472 4089 sewum
492 3998 646 4070 intersint
669 3994 712 4058 ad
736 3993 967 4063 tractandum,
990 3991 1218 4074 praelatisque
1238 3991 1314 4053 aliis

229 4168 242 4191 „
293 4150 362 4189 ,w-
392 4109 569 4185 :nnexlielis
597 4112 678 4170 tune
709 4098 753 4163 ad
783 4096 969 4179 praemissa
1001 4096 1175 4168 vocandis,
1210 4103 1313 4177 prout

230 4260 369 4317 vm*
394 4244 443 4291 „g
475 4229 680 4303 expressum,
713 4200 975 4283 laciendumque
1008 4199 1149 4262 ulterius
1188 4206 1221 4262 et
1264 4219 1313 4261 re-

247 4360 390 4405 „mn
430 4353 462 4397 -ιι
505 4318 661 4389 omnibns
709 4316 742 4374 et
785 4325 845 4390 per
888 4304 1001 4367 omnia
1046 4303 1138 4385 quod
1179 4303 1312 4384 justum

235 4410 311 4519 ζμ..
379 4476 390 4503 2
439 4430 696 4523 generarissomm
741 4410 891 4500 qualitas
937 4407 1042 4490 exigit
1085 4414 1118 4469 et
1159 4407 1311 4490 requirit,
