2918 5010
457 389 662 454 Nonruenn
695 390 964 456 Convocarrou.
1219 405 1259 467 13

149 582 328 667 promissio
361 582 453 646 facta
487 581 563 653 fuit,
599 582 709 646 modis
741 583 867 666 quibus
900 582 1060 666 expedire
1092 581 1258 655 videritis,

152 688 334 752 inducatis
382 687 477 751 Sicut
500 687 590 750 enim
613 686 741 751 donum
763 709 783 750 a
800 688 967 770 principio
982 687 1173 772 gratuitum
1190 686 1260 749 fore

153 792 374 875 dignoscitur,
405 791 452 853 sic
483 791 616 854 inducit
648 791 931 875 ingratitudinem
960 792 1052 857 facta
1082 790 1261 874 promissio

150 916 219 960 non
254 902 401 959 servata.
449 895 550 958 Teste
590 895 718 978 meipso
754 895 847 978 apud
878 895 1110 959 Samesurium
1143 894 1179 958 80
1206 894 1260 958 die

150 1000 307 1084 Augusti,
322 1020 412 1063 anno
426 999 518 1083 regni
532 999 639 1063 nostri
656 1012 720 1080 14⁰.
765 999 851 1062 Cum
863 999 981 1083 itaque
995 1006 1067 1063 tam
1080 998 1262 1084 magnifico

151 1104 304 1188 principi,
341 1103 400 1187 qui
436 1103 478 1166 de
517 1103 669 1186 antiquis
705 1104 797 1187 regni
834 1104 991 1168 hostibus
1027 1124 1096 1167 nou
1131 1105 1261 1185 absque

151 1207 318 1292 personali
332 1207 465 1280 sudore,
481 1214 514 1270 et
529 1213 732 1290 sumptuum
746 1208 920 1291 gravitate
933 1207 1105 1291 majorum
1119 1207 1263 1271 feliciter

151 1333 210 1395 per
254 1312 316 1374 Dei
360 1312 508 1392 gratiam
542 1311 795 1393 triumphavit,
841 1312 940 1376 hilari
986 1312 1261 1395 promptitudine

153 1424 309 1480 teneatur
357 1416 508 1480 Ecclesia
556 1416 748 1490 subvenire,
799 1416 1053 1481 fraternitatem
1108 1422 1260 1480 vestram

151 1521 353 1605 requirimus
366 1526 400 1584 et
414 1522 593 1583 hortamur
606 1526 752 1595 attente,
766 1526 939 1604 quatenus
951 1541 1030 1585 cum
1043 1521 1132 1585 clero
1144 1526 1261 1584 vestro

152 1625 308 1690 tractetis
323 1623 505 1689 efficaciter
519 1624 561 1687 de
577 1625 782 1707 praemissis,
798 1645 902 1708 quem
918 1624 1077 1688 inducere
1092 1625 1262 1689 conemini

152 1728 348 1804 studiosius
376 1734 414 1792 ut
441 1728 580 1792 domino
607 1729 675 1812 regi
702 1735 834 1792 annuat
860 1729 1046 1793 liberaliter
1070 1729 1105 1792 in
1131 1728 1259 1812 petitis,

154 1833 304 1917 Expedit
321 1833 490 1916 equidem,
509 1832 603 1916 quod
621 1833 711 1917 regia
728 1833 968 1896 benevolentia
986 1832 1114 1898 clerum
1131 1833 1260 1905 foveat,

153 1958 242 2022 quae
269 1937 497 2022 gratissimam
527 1957 562 2000 se
591 1937 730 2000 exhibet
759 1936 885 2020 jugiter
913 1957 992 2021 erga
1020 1944 1146 2022 gratos.
1195 1936 1261 2000 Re·

153 2062 317 2126 sponsum
340 2047 457 2105 autem
480 2040 558 2104 cleri
582 2042 698 2115 vestri,
723 2048 758 2104 et
781 2041 946 2126 quicquid
971 2041 1117 2106 feceritis
1139 2042 1174 2106 in
1198 2042 1262 2105 hac

153 2153 262 2230 parte,
310 2146 408 2209 nobis
454 2146 540 2209 citra
588 2146 715 2210 festum
764 2145 801 2210 B.
852 2146 1025 2210 Michaelis
1072 2167 1167 2230 prox.
1213 2165 1262 2209 re-

153 2251 310 2315 scribatis
332 2271 391 2333 per
412 2257 545 2314 vestras
562 2251 677 2314 literas
694 2256 865 2333 patentes.
879 2270 968 2335 quae
981 2251 1134 2315 habeant
1150 2270 1262 2315 rerum

152 2355 284 2428 seriem,
302 2362 366 2419 etc.
415 2354 536 2418 Valeat
554 2361 669 2417 vestra
690 2355 794 2418 chara
813 2355 1011 2420 fraternitas
1029 2375 1089 2439 per
1105 2361 1263 2438 tempora

153 2480 315 2544 prospera
345 2468 379 2523 et
411 2460 593 2542 longaeva„
637 2458 768 2524 Datum
793 2459 886 2542 apud
910 2459 1089 2525 Alwenton
1121 2459 1157 2524 8⁰
1187 2459 1263 2524 idus

154 2565 248 2647 Sept.
262 2563 485 2647 pontificatus
496 2563 603 2626 nostri
617 2584 709 2627 anno
722 2565 842 2646 prim0.

689 2753 746 2816 IV.

278 2906 319 2964 iv.
365 2905 473 2964 Awrit
493 2905 572 2963 froin
590 2905 790 2983 Archbishop
806 2906 890 2982 John
906 2907 1080 2978 Romanus,
1095 2909 1193 2968 dated
1208 2909 1265 2968 dth

196 3002 344 3071 October,
370 3001 457 3077 1287,
480 3001 579 3075 citing
601 3021 620 3059 a
641 3000 730 3076 royal
753 3001 821 3059 writ
845 3002 878 3059 of
900 3002 1038 3062 Edward
1061 3003 1085 3072 Ι,
1109 3003 1140 3062 in
1163 3004 1265 3064 which

197 3098 458 3175 representation,
488 3115 523 3154 or
552 3104 585 3154 at
618 3096 695 3154 least
735 3097 926 3172 delegation,
965 3098 990 3155 is
1029 3099 1138 3157 found.
1198 3100 1265 3159 The

197 3193 423 3270 Archbishop's
444 3193 538 3251 letter
558 3192 583 3250 is
604 3192 774 3250 addressed
796 3200 829 3250 to
849 3192 981 3270 Antony
1002 3193 1078 3262 Bet,
1100 3193 1214 3271 bishop
1233 3196 1266 3254 of

199 3289 363 3356 Durham;
387 3288 464 3347 with
484 3289 537 3346 the
556 3287 784 3363 Archhishop's
803 3287 892 3364 reply
910 3294 943 3346 to
961 3287 1015 3346 the
1034 3287 1129 3363 King.

240 3471 331 3549 [Reg.
358 3470 430 3549 Joh.
457 3471 606 3538 Romani,
631 3470 739 3539 Ebor.,
758 3470 784 3530 f.
807 3471 870 3549 99].

247 3643 431 3726 johannes,
458 3644 677 3727 permissione
702 3643 831 3717 divina,
856 3650 933 3718 etc,
960 3643 1144 3708 venerabili
1171 3644 1265 3709 fratri

157 3748 299 3813 domino
330 3748 507 3829 Alntoniol
538 3748 657 3812 eadem
688 3747 800 3832 gratia
833 3747 1051 3813 Dunelmensi
1086 3749 1265 3835 Episcopo

158 3852 364 3918 salutemet
394 3853 579 3916 fraternam
608 3853 640 3916 in
666 3853 815 3917 Domino
837 3853 1052 3918 charitatem.
1116 3854 1267 3920 Memini-

158 3978 237 4024 mus
274 3977 335 4021 nos
373 3962 523 4020 vestram
562 3978 669 4039 nuper
707 3957 961 4022 fraternitatem
1000 3959 1125 4023 nostris
1163 3960 1267 4024 literis

159 4062 338 4134 excitasse,
366 4060 459 4144 quod
486 4081 563 4124 cum
590 4061 678 4123 clero
705 4068 820 4125 vestro
846 4082 949 4145 super
974 4062 1140 4127 mandato
1166 4065 1266 4147 regio¹

157 4165 254 4252 quod
272 4165 462 4248 recipimus,
480 4164 641 4249 quodque
659 4164 739 4247 ipsis
755 4166 861 4229 literis
877 4166 977 4229 inseri
996 4166 1147 4241 fecimus,
1165 4173 1198 4230 et
1216 4168 1268 4231 his

161 4272 340 4343 iteramus
354 4269 459 4332 etiam
472 4270 555 4331 haec
569 4270 673 4333 verba
690 4290 695 4332 :
722 4270 920 4343 Edwardus
936 4269 999 4333 Dei
1011 4269 1132 4354 gratia,
1147 4276 1210 4335 etc.
1230 4281 1268 4336 ut

161 4393 280 4458 supra,
317 4393 424 4457 usque
464 4374 554 4436 ibi—
586 4394 677 4437 anno
717 4373 808 4458 regni
850 4374 956 4438 nostri
990 4391 1040 4455 14.
1075 4376 1269 4439 tractaretis

162 4478 357 4553 efficaciter,
386 4500 425 4541 ac
452 4477 563 4563 ipsum
591 4477 795 4543 induceretis
821 4477 950 4542 solicite
976 4477 1020 4543 ad
1047 4479 1269 4545 annuendum
