2918 5010
208 375 249 439 2⁴
567 354 740 419 Rusones
770 370 815 417 or
843 369 913 416 rur.

207 549 465 633 collegiatarum
487 556 622 611 vestrae
643 547 836 610 dioeceseos
859 546 1026 611 Decanos.
1049 543 1319 608 Archidiaconos

209 662 245 716 et
272 652 498 735 Praepositos,
524 671 656 715 necnon
687 651 859 734 Capitula,
890 649 985 734 quod
1017 658 1090 712 tam
1125 668 1188 712 vos
1211 667 1319 732 quam

210 756 376 842 praedicti
416 756 581 825 abbates.
624 755 766 829 Priores,
809 755 949 821 Decani.
990 752 1242 826 Archidiaconi,
1283 756 1319 815 et

212 860 401 945 Praepositi
429 860 663 943 personaliter,
691 859 852 942 Capitula
880 878 961 922 vero
988 878 1049 942 per
1078 858 1320 922 Procuratores

210 965 418 1030 sufficienter
444 965 641 1033 instructos,
668 964 771 1028 dictis
804 964 859 1027 die
893 974 928 1027 et
963 963 1049 1031 loco.
1084 983 1164 1026 cum
1197 961 1320 1026 diebus

210 1069 454 1134 continuandis
485 1076 520 1131 et
552 1068 785 1153 prorogandis,
814 1088 930 1131 coram
962 1068 1061 1132 nobis
1090 1066 1320 1150 compareatis

211 1182 246 1238 et
266 1183 501 1256 compareant,
520 1193 623 1255 super
649 1171 879 1256 proponendis
903 1173 937 1237 in
961 1172 1105 1235 concilio
1124 1171 1319 1243 tractaturi,

210 1278 345 1343 salubre
376 1277 556 1341 consilium
589 1277 785 1360 impensuri.
824 1297 957 1341 necnon
993 1297 1033 1340 ea
1064 1296 1154 1360 quae
1184 1282 1320 1339 statuta

212 1382 372 1447 ordinata
396 1390 430 1445 et
456 1380 549 1445 lacta
574 1381 701 1446 luerint
733 1380 907 1446 humiliter
932 1380 1125 1453 admissuri,
1150 1400 1191 1443 ac
1213 1379 1320 1443 etiam

212 1486 395 1549 efficaciter
412 1484 596 1567 impleturi,
615 1485 750 1558 tacturi,
768 1493 802 1548 et
822 1485 1002 1568 recepturi,
1020 1484 1114 1568 quod
1130 1503 1320 1548 consonum

214 1589 315 1654 luerit
338 1590 511 1654 canonicis
535 1589 713 1653 institutis.
769 1590 838 1653 l'os
861 1589 967 1653 etiam
992 1589 1259 1671 praemunimus,
1284 1595 1319 1650 et

212 1702 365 1759 caeteros
391 1714 451 1777 per
478 1714 540 1757 vos
566 1693 724 1758 citandos
747 1694 955 1777 praemuniri
981 1693 1197 1766 mandamus,
1225 1691 1320 1776 quod

213 1800 373 1864 absentes
402 1803 435 1863 in
467 1799 613 1863 termino
641 1799 850 1881 supradicto,
881 1799 945 1862 nisi
974 1806 1115 1880 propter
1143 1797 1320 1862 euidentes

211 1924 333 1969 causas
359 1912 394 1966 et
422 1903 642 1967 rationabiles
664 1903 706 1966 de
728 1903 854 1987 quibus
877 1902 979 1966 tidem
1006 1902 1145 1975 iaciant,
1170 1901 1319 1985 legitime

213 2009 339 2073 fuerint
372 2008 539 2091 impediti,
570 2015 737 2092 tanquam
769 2007 1003 2071 inobedientes
1033 2013 1067 2069 et
1098 2013 1319 2069 contumaces

211 2111 313 2195 juxta
340 2112 426 2195 juris
451 2112 660 2195 exigentiam
686 2111 877 2195 puniemus.
925 2110 1081 2193 Qualiter
1108 2116 1225 2174 autem
1254 2110 1319 2173 hoc

211 2223 367 2280 nostrum
391 2215 594 2279 Mandatum
616 2215 748 2279 fueritis
766 2215 899 2279 executi
919 2235 981 2278 nos
999 2214 1100 2278 dictis
1117 2214 1172 2278 die
1189 2222 1225 2277 et
1243 2213 1318 2277 loco

210 2319 372 2383 distincte
399 2325 434 2382 et
459 2326 576 2402 aperte
600 2319 786 2382 certificare
811 2319 935 2383 curetis
959 2339 1019 2401 per
1042 2327 1174 2382 vestras
1201 2317 1317 2382 literas

210 2428 369 2505 patentes
413 2422 535 2486 harum
579 2423 699 2487 seriem
745 2424 970 2487 continentes.
1048 2423 1178 2486 Datum
1224 2422 1317 2504 apud

212 2525 386 2590 Laneham
403 2525 461 2589 26³
476 2525 530 2589 die
548 2525 677 2600 Martis,
692 2547 721 2588 a.
736 2546 767 2609 g.
785 2543 903 2590 iicccx
919 2534 952 2589 et
970 2526 1194 2610 pontificatus
1209 2525 1318 2590 nostri

209 2630 342 2715 quinto.

735 2720 796 2784 Xl.

332 2836 384 2896 xii.
429 2835 495 2894 The
506 2835 586 2893 Acta
599 2835 632 2893 ol
646 2835 707 2893 this
722 2835 897 2897 Provincia}
912 2837 1041 2896 (ouncil
1054 2838 1317 2897 ort'onvocation

249 2933 336 2992 show
359 2932 413 2991 the
436 2938 559 3009 respect
583 2931 657 3009 paid
680 2938 714 2991 to
738 2931 860 3011 Bishop
885 2933 962 3002 Bel,
987 2952 1057 2992 now
1089 2933 1217 2993 infirm:
1250 2934 1317 2993 also

251 3028 321 3088 that
339 3028 393 3087 the
409 3026 515 3107 public
531 3045 612 3087 were
627 3028 759 3087 allowed
776 3038 810 3087 to
829 3029 866 3088 be
889 3035 1016 3108 present
1042 3037 1076 3090 at
1098 3049 1185 3090 some
1207 3030 1241 3088 ol
1262 3030 1316 3089 the

250 3124 463 3202 proceedings.

209 3234 317 3299 Aeni.

297 3338 373 3421 Quo
402 3337 455 3401 die
484 3353 547 3400 xx0
575 3337 699 3401 mensis
728 3338 807 3403 llaii
837 3340 939 3403 missa
966 3341 1008 3403 de
1037 3348 1158 3404 sancto
1188 3341 1316 3425 Spiritu

208 3443 404 3508 solemniter
425 3442 609 3515 celebrata,
631 3443 922 3528 postmodumque
943 3444 1042 3506 nobis
1063 3445 1318 3529 archiepiscopo

209 3548 311 3612 libor.
333 3566 401 3610 una
425 3566 503 3610 curn
523 3546 779 3610 venerabilibus
802 3548 965 3611 tratribus
984 3550 1109 3612 nostris
1131 3548 1314 3614 Karliolen.

207 3658 242 3716 et
277 3650 450 3715 Candidae
484 3651 589 3713 Casae
636 3650 813 3734 episcopis,
850 3651 1027 3715 nobiscum
1063 3653 1317 3735 pontificalibus

209 3755 360 3828 indutis;
411 3760 444 3817 et
495 3754 744 3818 archidiaconis
795 3754 1005 3839 Notingham
1068 3764 1101 3819 et
1153 3757 1315 3839 Clyvelan

209 3858 441 3943 personaliter,
477 3858 717 3922 archidiacono
752 3880 833 3922 vero
869 3860 970 3923 libor.
1020 3880 1080 3942 per
1114 3861 1316 3945 magistrum

210 3962 432 4046 Radulphum
463 3962 505 4025 de
536 3961 872 4046 Conynggesburgh;
916 3964 1155 4029 archidiacono
1187 3966 1316 4029 Eastri-

207 4068 308 4153 dinge
363 4086 423 4148 per
476 4065 696 4130 Guilielmum
743 4066 883 4129 Amaldi
939 4067 981 4130 de
1038 4068 1153 4133 llonte
1208 4071 1313 4139 sicco.

207 4177 463 4258 procuratorem
474 4170 703 4234 substitutum
716 4169 897 4233 Bertrandi
909 4170 951 4234 de
964 4170 1073 4253 Rupe,
1086 4176 1315 4254 procuratoris

206 4275 402 4362 principalis
440 4273 568 4337 domini
613 4274 794 4338 Bertrandi
834 4274 876 4337 de
917 4275 1044 4356 Fargis,
1085 4277 1314 4340 archidiaconi

208 4379 401 4461 Estridinge
432 4379 620 4463 praedicti;
654 4387 686 4442 et
718 4378 957 4442 archidiacono
989 4377 1224 4460 Rycliemond.
1258 4402 1316 4463 per

204 4487 406 4573 magistrum
439 4484 634 4568 Joliannem
665 4483 707 4548 de
738 4483 880 4567 Skyme,
904 4482 1134 4547 substitutum
1159 4485 1315 4567 magistri
