2918 5010
475 369 677 435 Nonruenu
704 367 973 436 Convocanon.
1239 371 1282 453 So

177 562 297 628 domini
342 563 419 639 mei,
457 563 550 648 quod
592 583 810 647 compaream
848 583 909 627 nec
949 563 1054 627 etiam
1097 582 1279 647 compareo

177 668 378 733 auctoritate
413 668 647 753 cujuscunque
683 667 850 742 mandati,
880 667 1064 742 citationis,
1095 688 1153 732 seu
1183 688 1278 751 prae-

177 771 371 836 munitionis
397 772 600 836 venerabilis
626 773 715 856 patri
744 772 882 837 Domini
911 772 1136 837 Eboraceusis
1162 772 1279 835 Archi-

178 876 321 960 episcopi
341 876 540 960 supradicti.

256 1056 334 1139 Qua
364 1056 503 1140 quidem
539 1058 788 1139 protestatione
823 1058 870 1121 sic
905 1057 1065 1140 perlecta,
1101 1056 1280 1139 praelatus

177 1159 333 1245 Magister
367 1160 540 1225 Gilbertus
574 1162 837 1235 commissarius,
874 1168 912 1226 ut
949 1162 1149 1245 praelertur,
1185 1160 1280 1224 dicto

177 1263 335 1349 Magistro
375 1265 544 1329 Willelmo
585 1267 801 1330 Procuratori
843 1266 987 1349 protulit
1030 1266 1154 1329 *verba
1196 1265 1278 1328 dicti

176 1370 317 1454 collegae
362 1370 412 1433 sui
462 1391 501 1433 ex
547 1371 713 1435 mandato
755 1370 909 1453 ejusdem
952 1372 992 1452 (l)
1041 1391 1199 1455 praesens
1246 1376 1280 1433 et

176 1472 301 1538 hahens
321 1475 355 1537 in
375 1475 621 1538 convocatione
642 1474 854 1539 memorata*
874 1475 941 1538 ista
958 1475 1097 1548 verba*
1119 1474 1281 1559 Magister

176 1577 347 1651 Willelme,
386 1578 496 1661 placet
532 1579 630 1642 nobis
669 1586 703 1642 et
742 1580 902 1644 volumus
941 1580 1065 1644 habere
1101 1579 1280 1643 dominum

175 1690 335 1757 vestrum,
350 1690 521 1766 quatenus
537 1683 630 1746 dicta
647 1704 709 1747 sua
726 1684 902 1767 privilegia
918 1685 980 1748 sibi
996 1705 1155 1749 concessa
1169 1683 1280 1747 eidem

125 1843 130 1851 .
175 1787 282 1851 valere
300 1787 486 1870 potuerint,
501 1794 724 1852 excusatum:
749 1795 783 1851 et
800 1796 1033 1871 protestamur
1048 1788 1142 1872 quod
1159 1794 1279 1851 contra

175 1889 243 1973 ipsa
266 1913 328 1955 sua
354 1891 528 1975 privilegia
554 1913 612 1955 seu
638 1892 773 1955 indulta
797 1893 879 1956 nihil
905 1893 1044 1957 omnino
1071 1891 1280 1957 intendimus

174 2002 389 2080 attemptare.
450 1996 536 2059 Acta
565 2004 646 2060 sunt
677 1997 760 2060 haec
790 2005 891 2080 prout
924 1997 1187 2060 subscribuntur
1215 1997 1280 2059 sub

175 2121 261 2165 anno
284 2099 425 2174 domini,
446 2100 641 2175 indictione,
664 2102 880 2185 pontificatu,
902 2122 1028 2175 mense,
1050 2101 1114 2176 die,
1134 2107 1169 2164 et
1194 2100 1278 2171 loco,

174 2205 325 2288 superius
354 2204 515 2278 recitatis
547 2205 784 2287 praesentibus
813 2206 969 2269 discretis
998 2204 1080 2268 viris
1109 2203 1280 2290 Magistris

174 2308 330 2390 Johanne
368 2309 410 2372 de
452 2308 726 2382 Whitechurche,
771 2310 936 2374 canonico
975 2310 1107 2384 Sarum,
1148 2329 1278 2373 necnon

174 2412 305 2477 Adamo
344 2413 385 2476 de
425 2412 618 2486 Twiselton,
660 2413 795 2477 Adamo
834 2414 876 2477 de
916 2414 1079 2488 Eborum,
1120 2413 1279 2496 Johanne

175 2515 294 2580 Heriae
320 2517 375 2597 (Ρ),
400 2523 433 2579 et
460 2517 629 2581 Willelmo
651 2518 693 2581 de.
723 2518 891 2601 Langton,
916 2518 1029 2582 curiae
1056 2518 1280 2582 Eboracensis

173 2621 358 2691 advocatis,
387 2621 546 2703 Johanne
574 2621 715 2685 Roberti
744 2621 786 2684 de
814 2621 1029 2706 Hakthorpe,
1059 2622 1211 2686 Roberto
1237 2623 1280 2687 de

175 2724 385 2809 Hakthorpe,
415 2734 449 2787 et
478 2726 623 2808 Hugone
651 2726 693 2789 de
722 2725 914 2799 Flethman,
944 2725 1095 2791 Notariis
1122 2725 1278 2809 publiciS,

173 2835 204 2891 et
225 2828 299 2893 aliis
319 2829 481 2911 praelatis
501 2838 534 2893 et
556 2830 684 2894 clericis
705 2830 738 2892 in
759 2850 884 2913 magno
904 2850 1047 2894 numero
1069 2830 1215 2894 testibus
1236 2830 1279 2895 ad

173 2932 355 3015 praemissa
385 2934 521 3016 rogatis.
569 2936 615 2998 Et
643 2955 705 3018 ego
732 2934 909 3016 johannes
936 2934 1088 2998 Thomae
1115 2935 1157 2998 de
1185 2934 1280 2998 Halr·

175 3037 292 3120 thorpe
310 3037 450 3101 clericus
470 3038 689 3102 llarliolensis
706 3038 868 3102 dioecesis
886 3038 1052 3121 publicus,
1071 3038 1280 3102 auctoritate

173 3141 359 3225 apostolica
383 3142 548 3216 notarius,
574 3142 766 3225 praemissis
790 3142 950 3207 omnibus
974 3149 1008 3206 et
1032 3141 1172 3226 singulis
1195 3141 1279 3206 dum

172 3246 217 3310 sic
248 3252 430 3329 agerentur
460 3253 562 3330 prout
591 3246 863 3316 subscribuntur,
893 3267 961 3311 una
990 3266 1067 3310 cum
1096 3245 1280 3329 praedictis

174 3350 317 3414 testibus
341 3370 500 3433 praesens
524 3350 673 3424 interlui,
699 3370 806 3436 eaque
829 3351 877 3415 sic
901 3350 971 3414 lieri
996 3349 1067 3412 vidi
1091 3356 1125 3412 et
1149 3348 1278 3424 audivi,

171 3454 287 3537 scripsi
321 3460 355 3516 et
389 3455 422 3518 in
458 3455 545 3518 hanc
578 3454 751 3538 publicam
788 3455 933 3518 formam
969 3453 1090 3537 redegi,
1127 3452 1280 3537 meisque

172 3559 266 3643 signo
284 3565 318 3622 et
337 3558 474 3622 nomine
491 3558 663 3623 consuetis
680 3559 812 3643 signavi
832 3566 972 3644 rogatus
989 3559 1023 3623 in
1042 3557 1279 3623 testimonium

172 3662 442 3745 praemissorum.

291 3837 344 3896 xli.
389 3837 415 3895 Α
443 3835 661 3896 Convocation
689 3857 753 3899 was
781 3840 853 3900 held
880 3860 921 3900 on
949 3840 1004 3900 the
1032 3840 1174 3920 hlonday
1201 3849 1279 3903 next

212 3933 293 3992 alter
309 3933 355 3992 st.
375 3932 534 3992 Nicholas'
554 3932 627 4013 Day
644 3935 714 4013 (oth
732 3935 817 4015 May,
837 3936 939 4012 1356).

242 4136 255 4162 ⁸
275 4135 331 4182 'l'he
355 4135 444 4182 words
471 4135 586 4182 “verba
608 4135 676 4184 dicti
702 4138 821 4201 collegae
847 4139 889 4187 sui
921 4154 954 4187 ex
987 4139 1122 4187 mandato
1153 4139 1277 4202 ejusdem

172 4227 296 4275 praeseus
321 4221 350 4261 et
376 4214 480 4262 habeus
506 4215 534 4261 in
559 4216 761 4265 convocatione
787 4217 970 4273 memorata‚''
998 4232 1043 4266 are
1069 4217 1166 4281 placed
1188 4219 1278 4268 above

172 4292 292 4340 between
319 4294 367 4340 the
394 4293 461 4340 lines
482 4295 523 4352 (as
543 4308 578 4341 an
599 4293 802 4359 alterthought,
824 4298 851 4345 in
873 4313 889 4346 a
908 4303 1122 4360 contemporary
1136 4297 1211 4346 haud
1222 4299 1277 4347 and

172 4372 282 4432 lainter)
300 4387 367 4420 over
391 4373 437 4421 the
460 4373 549 4420 words
573 4374 652 4422 “ista
674 4375 789 4431 verba,”
813 4392 843 4425 as
866 4376 1055 4424 introduction
1079 4382 1109 4425 to
1131 4378 1178 4425 the
1199 4378 1278 4427 short

172 4453 268 4515 speech
289 4452 359 4502 lrom
382 4452 538 4516 “Magister
551 4452 711 4502 Willelme''
728 4460 757 4504 to
772 4461 788 4479 ‘¹
797 4454 996 4522 attemptare.''
