2918 5010
250 370 294 418 20
631 349 805 415 Rreonns
836 368 881 415 or
907 368 979 415 rur

253 545 402 610 Domino
436 546 620 609 devotione
657 545 790 628 plenius
826 543 1036 608 confidentes
1074 543 1118 608 ad
1150 544 1360 609 audiendum

252 649 480 714 confessiones
508 650 653 713 fratrum
681 649 820 713 Ordinis
847 648 989 712 militiae
1019 649 1150 731 Templi
1181 649 1214 712 in
1244 653 1360 712 nostra

253 753 397 818 dioecesi
419 754 717 827 commorantium,
739 754 797 837 qui
821 752 920 815 vobis
940 773 1003 816 sua
1023 759 1163 836 peecata
1189 751 1361 816 voluerint

252 857 485 922 confiteri-et
525 857 569 921 ad
608 857 858 941 injungendum
901 857 1028 921 eisdem
1070 877 1131 940 pro
1172 856 1362 921 commissis

253 961 479 1046 penitentiam
499 961 829 1026 salutarem-vobis
851 967 885 1024 et
908 961 1048 1025 cuilibet
1071 969 1225 1026 restrum
1246 980 1306 1044 per
1327 981 1362 1024 se

254 1066 503 1130 committimus
541 1067 631 1129 vices
670 1073 815 1135 nostras,
848 1066 1064 1130 absolutione
1095 1065 1249 1129 omnium
1281 1064 1362 1128 arti-

253 1171 407 1234 culorum
427 1191 485 1233 seu
507 1171 729 1234 terminorum
748 1170 956 1233 haereticam
975 1170 1184 1251 pravitatem
1201 1169 1364 1253 qualiter·

253 1294 400 1358 cumque
424 1274 630 1357 sapientium
654 1274 753 1336 nobis
774 1273 969 1356 specialiter
992 1280 1175 1338 reservata.
1233 1272 1362 1337 Valete.

255 1378 385 1442 Datum
419 1379 453 1441 in
488 1377 632 1441 Cauode
668 1378 735 1440 kal.
770 1377 864 1460 Junij
898 1379 927 1458 (1
963 1377 1064 1459 June)
1107 1398 1198 1441 anno
1233 1377 1364 1460 gratiae

257 1500 351 1562 1310,
370 1489 403 1546 et
422 1481 643 1566 pontificatus
661 1482 767 1545 nostri
786 1493 835 1545 v0.

785 1661 845 1725 [X.

338 1801 430 1880 [Reg.
448 1800 496 1860 W.
513 1800 692 1862 Greneteld.
709 1799 818 1861 Ebor..
835 1801 856 1859 l,
876 1816 943 1878 179.
958 1811 1028 1878 part
1049 1803 1088 1877 11.

347 1923 606 1989 Memorandum
651 1924 745 2008 quod
789 1944 851 1988 uos
893 1923 1103 1999 Willielmus,
1146 1925 1365 2007 permissione

257 2030 375 2095 dirrina
411 2030 513 2094 Ebor.
551 2029 835 2113 archiepiscopus
873 2029 1015 2112 Angliae
1052 2029 1188 2112 primas,
1226 2039 1367 2113 propter

258 2135 393 2200 diversa
430 2143 464 2198 et
503 2134 611 2197 ardua
649 2134 797 2216 negotia,
837 2141 968 2196 statum
1014 2141 1047 2197 et
1087 2133 1365 2198 reformationem

257 2239 472 2302 ecclesiarum
489 2245 523 2300 et
541 2237 848 2300 ecclesiasticarum
866 2256 1087 2318 personarum
1105 2245 1241 2301 nostrae
1260 2237 1362 2301 Ebor.

258 2340 449 2404 dioeceseos
468 2348 501 2404 et
526 2341 742 2423 provinciae;
768 2360 807 2403 ac
827 2340 998 2423 quaedam
1020 2341 1095 2415 alia,
1118 2363 1206 2425 qnae
1226 2342 1325 2406 nobis
1345 2364 1364 2405 a

257 2446 336 2508 sede
368 2445 556 2528 apostolica
588 2443 799 2508 demandata
833 2444 981 2516 fuerant,
1016 2452 1049 2508 et
1082 2467 1170 2528 quae
1203 2466 1364 2530 magnam

257 2548 536 2613 deliberationem
583 2547 764 2611 consilium
810 2554 843 2609 et
892 2554 1081 2612 tractatum
1121 2550 1364 2632 requirebant;

259 2653 416 2716 videlicet
450 2652 686 2734 inquisitiones
718 2650 891 2713 iaciendas
923 2658 995 2715 tam
1027 2661 1147 2716 contra
1179 2654 1365 2737 singulares

260 2776 420 2839 personas
439 2755 720 2838 Templariorum,
738 2775 843 2837 quam
860 2755 1023 2818 Ordinem
1044 2757 1240 2829 eorundem,
1262 2777 1364 2840 super

258 2861 359 2923 certis
382 2859 534 2923 articulis
558 2859 590 2921 in
615 2858 720 2921 literis
744 2859 939 2940 apostolicis
963 2860 1060 2922 nobis
1083 2868 1117 2923 et
1140 2861 1364 2946 suffraganeis

259 2965 383 3029 nostris
421 2984 461 3026 ac
500 2963 573 3026 aliis
615 2962 715 3025 certis
758 2962 896 3044 collegio
939 2963 1037 3026 nobis
1080 2964 1263 3048 adjunctis,
1304 2986 1364 3048 per

258 3068 469 3152 praedictam
515 3067 628 3130 sedem
672 3066 874 3141 destinatis;
938 3089 1025 3152 quae
1066 3069 1204 3153 quidem
1246 3069 1363 3133 literae

258 3172 476 3256 apostolicae,
492 3179 526 3234 et
542 3191 658 3235 earnm
675 3170 892 3234 executiones
908 3174 940 3237 in
958 3174 1099 3256 registro
1115 3174 1156 3236 de
1172 3173 1364 3237 intrinsecis

258 3296 412 3341 camerae
449 3281 595 3348 nostrae,
632 3276 730 3338 annis
766 3277 989 3357 pontificatus
1025 3278 1131 3340 nostri
1168 3285 1293 3360 quarto
1329 3285 1361 3340 et

257 3381 381 3466 quinto
409 3380 655 3462 registrantur;
699 3386 854 3442 nostrum
882 3380 1063 3444 concilium
1092 3381 1299 3463 provinciale
1329 3382 1362 3444 in

257 3485 397 3549 ecclesia
438 3491 553 3547 nostra
586 3483 686 3546 libor.
719 3483 880 3546 vicesimo
910 3484 963 3546 die
994 3485 1118 3547 mensis
1150 3485 1240 3557 llaii,
1272 3506 1363 3548 anno

258 3589 395 3652 Domini
416 3604 533 3651 uccex
554 3593 588 3649 et
609 3587 831 3669 pontificatus
851 3588 957 3650 nostri
975 3588 1107 3670 quinto,
1127 3590 1244 3652 habita
1262 3609 1362 3672 super

258 3694 309 3756 his
340 3692 583 3756 deliberatione
619 3712 683 3754 uon
717 3691 862 3763 modica,
890 3691 964 3773 jure
992 3691 1171 3767 ordinario,
1201 3694 1362 3758 duximus

255 3796 507 3861 celebrandum.
555 3795 609 3858 Ad
663 3795 755 3878 quod
811 3795 1021 3858 venerabiles
1078 3797 1199 3861 tratres
1228 3806 1362 3861 nostros

258 3901 461 3981 Alntouium
490 3900 571 3979 llelrjr
602 3899 866 3963 Dunelmensem
891 3898 922 3981 J.
943 3899 1097 3981 [Halton]
1124 3902 1361 3967 t'arliolensem

258 4012 291 4069 et
309 4006 392 4069 Tho,
415 4005 567 4085 [Dalionl
588 4002 760 4066 (andidae
777 4002 882 4065 (asae
899 4003 1084 4086 episcopos
1103 4014 1238 4069 nostrae
1258 4007 1359 4070 Ebor.

257 4109 415 4173 ecclesiae
446 4106 689 4188 suffraganeos,
721 4106 888 4169 decanum
918 4114 950 4169 et
982 4107 1170 4191 capitulum
1203 4111 1361 4174 ecelesiae

256 4221 392 4277 nostrae
420 4211 519 4274 Ebot.
547 4231 586 4273 ac
611 4217 763 4273 caeteros
788 4210 946 4284 decanos,
973 4211 1240 4287 archidiaconos,
1267 4235 1360 4298 prae-

256 4317 395 4402 positos
431 4314 753 4396 archipresbyteros
789 4320 822 4375 et
857 4315 1009 4397 capitula
1043 4318 1291 4382 cathedralium
1326 4327 1358 4380 et

255 4420 511 4505 collegiatarum
539 4417 766 4491 ecclesiarum,
792 4416 948 4491 abbates,
974 4420 1101 4502 priores
1125 4429 1302 4504 exemptos
1326 4429 1358 4484 et
