2918 5010
176 376 238 423 112
563 359 736 423 Reconos
758 377 804 423 or
828 377 899 423 rur:

171 554 415 618 concementia
434 573 636 636 promovere
658 573 720 635 pro
740 553 883 625 mribus,
904 564 943 616 ut
966 560 1138 628 tenemur,
1151 555 1232 620 lioet
1245 576 1285 620 ex

173 657 352 742 privilegio
369 658 460 720 sedis
477 657 686 740 apostolicae
704 657 805 720 nobis
822 656 960 720 indulto
975 659 1021 720 ab
1039 658 1238 724 obedientia
1254 667 1287 724 et

174 761 388 843 subjectione
410 762 619 825 omnimodis
641 761 771 825 domini
795 762 1053 845 Archiepiscopi
1077 763 1235 829 Eborum
1255 772 1287 829 et

172 886 408 930 successomm
451 887 592 929 suorum
635 887 676 928 ac
719 866 880 928 ecclesiae
924 866 1080 930 liborum
1126 868 1288 934 fuerimus

173 971 326 1054 exempti
353 984 387 1034 et
417 971 574 1034 totaliter
599 971 748 1033 absoluti
776 971 876 1033 vobis
902 982 936 1032 et
964 971 1107 1035 cuilibet
1135 982 1287 1038 vestrum

172 1086 346 1157 quatenus
363 1075 517 1138 debitam
534 1076 775 1138 executionem
791 1074 875 1137 dicti
898 1075 1056 1138 mandati
1077 1079 1286 1142 auctoritate

174 1178 264 1261 regia
312 1199 374 1261 per
419 1179 552 1242 dictum
600 1178 779 1242 dominum
825 1179 1143 1262 Archiepiscopruu.
1193 1182 1289 1247 nobis

172 1283 362 1345 transmissi
394 1282 541 1346 fideliter
569 1294 603 1345 et
636 1283 735 1365 plene
764 1303 978 1366 exequamur
1007 1284 1061 1346 vel
1092 1294 1287 1370 exequatur

172 1386 296 1470 aliquis
319 1395 484 1450 restnrm.
531 1387 577 1450 t-:t
603 1388 686 1470 quia
709 1388 785 1450 aliis
808 1387 913 1450 variis
937 1396 972 1451 et
999 1388 1117 1452 arduis
1143 1390 1288 1475 negotiis

172 1510 291 1554 sumus
327 1502 363 1553 et
401 1491 528 1554 crimus
566 1491 803 1574 multipliciter
838 1492 994 1575 impediti
1032 1495 1224 1576 quominus
1254 1495 1286 1558 in

173 1594 267 1659 dicta
288 1594 545 1659 convocatione
566 1596 695 1679 pariter
715 1597 876 1659 interesse
896 1597 1087 1680 poterimus
1107 1598 1154 1662 ad
1174 1600 1289 1664 omnia

173 1711 208 1763 et
236 1700 368 1785 singula
396 1699 595 1783 supradicta
623 1700 779 1764 iacienda
806 1713 840 1764 et
865 1702 1092 1785 expedienda.
1114 1724 1208 1787 quae
1232 1722 1290 1788 per

173 1825 238 1868 nos
254 1804 325 1868 lieri
341 1805 564 1888 requiruntur
579 1806 612 1868 in
629 1825 669 1868 ea
686 1816 795 1888 parte.
811 1805 911 1868 vobis
925 1818 960 1868 et
976 1806 1117 1869 cuilibet
1133 1816 1290 1873 vestrum

171 1910 425 1973 committimus
441 1910 533 1973 tices
552 1922 689 1973 nostras
708 1930 761 1979 ne,
778 1909 872 1993 quod
892 1910 996 1981 absit,
1012 1910 1135 1974 dilatio
1151 1913 1289 1997 expedi·

174 2015 280 2078 tionis
309 2014 412 2099 Regis
437 2026 497 2079 aut
527 2015 619 2098 regni
647 2014 873 2098 negligentiae
900 2026 1037 2077 nostrae
1064 2023 1126 2079 aut
1154 2025 1290 2082 vestrae

172 2120 289 2184 valeat
316 2120 513 2204 aliqualiter
537 2120 711 2202 imputari.
760 2119 804 2182 Et
831 2119 1024 2202 specialiter
1048 2127 1168 2184 tenore
1194 2143 1290 2206 prae

172 2225 323 2289 sentium
342 2225 587 2288 constituimus
605 2245 667 2288 ros
686 2230 721 2287 et
740 2224 929 2307 quemlibet
947 2232 1102 2288 vestrum
1120 2245 1289 2310 organum

175 2329 269 2391 vocis
291 2338 428 2392 nostrae
450 2327 495 2391 ad
517 2329 781 2412 protestandum
804 2349 865 2411 pro
887 2328 986 2391 nobis
1007 2329 1146 2392 nomine
1169 2339 1289 2395 nostro

172 2432 333 2495 ecclesiae
353 2441 386 2495 et
407 2432 606 2495 clericorum
627 2442 824 2496 nostrorum
845 2432 878 2495 in
901 2432 1009 2496 lorma
1030 2433 1064 2496 in
1085 2433 1286 2516 hujusmodi

172 2535 427 2600 Convocatione
462 2536 532 2598 lieri
565 2545 740 2599 consueta.
790 2537 840 2599 De
873 2536 928 2599 die
961 2556 1043 2599 vero
1076 2539 1283 2621 receptionis

172 2640 405 2722 praesentium
428 2650 461 2702 et
485 2639 634 2723 qualiter
655 2639 720 2703 hoc
743 2640 948 2703 mandatum
971 2650 1127 2704 nostrum
1152 2642 1288 2707 fueritis

171 2745 317 2811 executi.
344 2764 476 2807 necnon
496 2743 538 2806 de
559 2744 756 2807 nominibus
782 2745 960 2808 Abbatum
989 2745 1145 2809 Priorum
1168 2747 1288 2811 Archi·

172 2848 394 2911 diaconorum
420 2846 636 2910 Decanorum
662 2850 934 2931 praepositorum
960 2870 998 2912 ac
1023 2857 1288 2932 procuratorum

172 2952 414 3015 conventuum
466 2951 703 3034 Capitulorum
756 2953 981 3037 Collegiorum
1035 2954 1286 3020 advocatorum

173 3064 433 3140 procuratorum
450 3062 483 3119 et
506 3056 730 3119 notariorium
754 3058 812 3135 fet]
836 3058 980 3121 aliorum
997 3079 1286 3144 quorumcunque

174 3181 234 3244 per
246 3182 307 3223 ros
318 3162 352 3224 in
364 3161 426 3224 bac
438 3167 537 3243 parte
550 3161 736 3223 citatorum
749 3160 880 3224 dictum
893 3161 1196 3246 Arcliiepiscopum
1207 3185 1286 3230 cum

173 3266 264 3329 omni
281 3266 454 3329 celeritate
469 3285 537 3349 qua
555 3265 711 3347 poteritis
725 3265 757 3328 in
772 3264 826 3327 die
844 3265 998 3328 llercurii
1015 3266 1080 3348 iiij⁰
1093 3265 1147 3329 die
1161 3269 1288 3332 mensis

172 3371 297 3453 Aprilis
321 3369 515 3433 certificetis
539 3369 701 3432 distincte
725 3376 759 3431 et
785 3378 902 3451 aperte
927 3390 987 3452 per
1011 3371 1127 3433 literas
1153 3381 1286 3436 vestras

172 3481 331 3558 patentes
362 3475 483 3538 harum
515 3473 633 3536 seriem
665 3474 892 3545 continentes,
925 3474 988 3537 nisi
1021 3475 1114 3538 aliud
1140 3496 1158 3537 a
1186 3477 1286 3540 nobis

172 3579 361 3642 habueritis
401 3579 433 3641 in
475 3577 658 3641 mandatis.
707 3577 837 3641 Valetc.
888 3578 1017 3641 Datum
1059 3579 1092 3641 in
1134 3580 1285 3663 hospitio

171 3691 288 3746 nostro
324 3683 509 3746 Londoniis
543 3687 642 3745 sexto
676 3681 730 3744 dic
766 3682 890 3745 mensis
927 3682 1038 3745 llartii
1076 3701 1146 3746 io.
1187 3702 1280 3766 1379.

173 3788 218 3850 Et
237 3787 502 3851 consecrationis
521 3794 657 3850 nostrae
677 3787 847 3851 tricesimo
866 3787 998 3871 quinto.

295 3928 359 3987 lvii.
404 3928 430 3986 Α
456 3926 672 3987 Convocation
693 3935 743 3985 sat
765 3946 806 3986 on
831 3928 883 3986 tlro
905 3929 962 4003 4tli
984 3928 1082 4006 April,
1107 3928 1193 4002 1380.
1218 3932 1282 3991 and

211 4025 307 4084 voterl
325 4043 343 4083 a
358 4024 500 4101 subsidy.

294 4159 370 4219 lviii.
414 4156 496 4226 And,
526 4155 585 4214 less
612 4155 690 4214 than
718 4173 736 4214 a
766 4174 841 4233 year
870 4155 952 4214 alter
979 4156 1052 4224 this,
1075 4175 1116 4216 on
1144 4158 1198 4216 the
1225 4158 1282 4219 (rtb

212 4256 366 4332 January‚
392 4254 479 4329 1381,
503 4251 636 4312 another
662 4250 881 4311 Convocation
905 4270 968 4310 was
996 4252 1077 4317 held,
1101 4253 1164 4312 and
1187 4255 1280 4331 again

212 4351 308 4412 voterl
325 4369 364 4409 an
377 4350 439 4410 aid.
476 4350 542 4409 The
556 4347 668 4425 King’s
682 4348 767 4407 word
780 4367 843 4407 was
857 4354 980 4422 urgent.
1026 4347 1082 4406 His
1095 4350 1279 4425 expedition

209 4449 277 4510 into
294 4447 444 4528 Brittany
457 4447 487 4505 in
503 4447 579 4523 1380
595 4445 658 4504 lrarl
673 4444 849 4505 exlrausted
866 4444 906 4503 all
924 4443 970 4502 liis
988 4443 1098 4502 luods·
1125 4444 1280 4524 linglancl
