2918 5010
167 347 232 412 330
552 328 725 393 Raconns
748 344 793 392 or
815 343 886 392 rna

167 521 393 587 monitionem
413 521 485 586 sine
505 518 760 585 intimationem
781 518 941 584 omnibus
961 525 997 584 et
1019 521 1170 608 singulis
1191 545 1290 610 prae·

170 627 249 691 latis
287 624 566 709 procuratoribus
603 630 638 688 et
676 623 804 689 clericis
845 622 959 689 dictae
1002 646 1125 692 sacrae
1166 630 1293 714 synodi

170 729 406 814 spectandam,
430 728 474 793 ad
497 727 767 813 comparendum
791 727 825 793 in
849 726 944 793 dicta
967 727 1075 796 domo
1096 732 1292 818 Capitulari

170 833 225 899 die
246 834 365 898 Martis
384 834 455 917 jam
477 833 631 917 proxime
646 838 822 918 sequente,
839 838 917 908 etc.,
938 832 983 899 ad
1001 837 1236 903 tractandum
1256 845 1291 902 et

170 938 430 1004 deliberandum
451 938 493 1002 de
514 943 549 1001 et
571 957 672 1021 super
692 937 812 1022 gratiis
833 937 1068 1003 serenissimae
1092 940 1128 1005 in
1150 940 1292 1006 Christo

171 1043 390 1128 principissae
422 1048 455 1106 et
487 1041 646 1106 dominae
678 1047 815 1106 nostrae
846 1042 977 1116 Annae,
1008 1059 1043 1106 1).
1074 1060 1110 1108 G.
1142 1044 1291 1130 Angliae

172 1148 306 1213 Scotiae
320 1147 482 1211 Franciae
495 1153 529 1210 et
543 1146 728 1210 Hiberniae
742 1144 893 1230 Reginae
906 1162 935 1210 r.
952 1163 999 1220 o„
1014 1152 1094 1223 etc.,
1107 1150 1153 1212 ob
1166 1171 1291 1216 causas

171 1258 205 1316 et
226 1253 375 1316 rationes
395 1251 483 1315 inira
502 1251 699 1316 nominatas
718 1249 899 1334 agendum.

258 1393 354 1458 Tunc
388 1392 529 1456 solemni
569 1397 723 1456 tractatu
763 1412 803 1456 ac
839 1390 1085 1457 deliberatione
1121 1394 1157 1458 in
1194 1395 1289 1460 dicta

171 1498 303 1583 synodo
345 1498 416 1562 sive
458 1495 705 1560 convocatione
748 1495 961 1580 praehabitis
1008 1495 1051 1560 de
1101 1504 1136 1561 et
1185 1520 1291 1584 super

171 1601 403 1666 serenissimae
431 1600 599 1664 Dominae
620 1605 758 1664 nostrae
781 1599 950 1664 Dominae
973 1599 1126 1684 Reginae
1149 1603 1289 1667 munifi·

171 1707 284 1772 centia
318 1706 353 1770 in
384 1703 589 1788 assignando
624 1724 733 1788 nuper
764 1709 798 1767 et
829 1703 1009 1769 allocme
1045 1705 1222 1789 primitias
1253 1714 1287 1772 et

171 1810 321 1877 decimas
353 1808 460 1873 totius
492 1808 585 1892 regni
616 1807 759 1893 Angliae
792 1807 825 1873 in
857 1809 1050 1874 uberiorem
1081 1810 1287 1877 clericorum

171 1914 470 1987 sustentationem,
516 1912 576 1997 qui
621 1933 703 1996 prae
750 1913 920 1977 tenuitate
966 1920 1204 1997 proventuum
1251 1923 1286 1979 et

172 2019 389 2106 proficiorum
413 2016 630 2081 ecclesiarum
653 2037 793 2081 suarum
818 2016 960 2080 honeste
984 2022 1018 2080 et
1042 2024 1081 2081 ut
1107 2019 1285 2083 ministros

173 2124 235 2189 Dei
249 2123 347 2187 decet
364 2120 523 2195 vivend0,
537 2142 605 2185 non
618 2126 700 2185 sunt
715 2119 839 2202 (?)-in
852 2126 1058 2204 perpetuum
1071 2123 1265 2208 erogandas
1278 2145 1285 2200 ;

172 2233 370 2294 statuerunt
419 2233 453 2290 et
502 2224 727 2289 decreverunt
775 2224 942 2289 solemnes
991 2225 1121 2309 gratias
1171 2227 1283 2292 eidem

172 2333 404 2398 serenissimae
425 2330 592 2394 Dominae
613 2328 763 2414 Reginae
781 2329 815 2393 in
832 2349 978 2414 eaquae
995 2329 1153 2414 sequitur
1173 2332 1285 2397 forma

174 2437 324 2524 agendas
342 2442 376 2500 et
395 2432 664 2520 praesentandas
680 2452 687 2508 ;
712 2432 777 2497 viz.
796 2453 848 2496 :-

262 2577 311 2640 To
357 2577 414 2640 the
458 2573 606 2659 Queen's
650 2579 740 2637 most
784 2573 951 2638 excellent
997 2573 1165 2657 Maiestie.
1215 2576 1286 2640 The

174 2681 312 2745 humble
333 2679 482 2743 Address
503 2678 538 2742 ol
560 2679 617 2742 the
638 2677 765 2762 Clergie
785 2678 821 2741 ol
843 2678 900 2741 the
923 2678 1089 2742 Province
1110 2679 1147 2743 oi
1170 2681 1286 2745 Yorke

176 2786 209 2850 in
229 2784 461 2850 Convocation
482 2783 672 2847 assembled
689 2803 741 2846 :—

263 2927 342 3010 llay
362 2927 387 2990 it
406 2926 518 3010 please
536 2946 623 3009 your
641 2932 730 2989 most
750 2926 915 2989 excellent
935 2926 1101 3009 Maiestie,
1117 2926 1210 3002 Wee,
1228 2929 1286 2991 the

175 3033 294 3117 clergie
307 3033 342 3096 ol
355 3033 413 3094 the
429 3030 592 3094 Province
606 3031 641 3094 ol
656 3031 767 3094 Yorke
782 3030 814 3094 in
829 3031 1065 3095 Convocation
1079 3033 1285 3106 assembled,

174 3139 218 3202 do
242 3138 294 3201 ior
316 3137 486 3201 ourselves
510 3136 645 3199 audon
670 3136 727 3197 the
751 3135 885 3198 behalie
909 3135 944 3199 of
967 3136 1011 3199 all
1036 3157 1099 3199 our
1123 3137 1285 3202 brethren

175 3244 210 3308 of
235 3244 292 3306 the
321 3262 414 3305 same
442 3241 602 3323 province
628 3241 738 3302 whom
764 3259 811 3302 we
838 3247 1022 3323 represent,
1050 3241 1197 3325 humbly
1225 3244 1287 3325 beg

175 3349 270 3410 leave
293 3353 329 3410 to
351 3347 460 3409 throw
481 3343 651 3407 ourselves
673 3349 708 3406 at
731 3363 817 3425 your
840 3344 1026 3426 llajestie's
1048 3345 1116 3408 feet
1139 3365 1173 3408 rn
1196 3351 1285 3409 most

175 3453 296 3534 hearty
317 3450 385 3513 and
407 3447 577 3512 thankiull
599 3447 915 3530 aelrnowledgment
936 3448 972 3511 oi
991 3468 1078 3531 your
1100 3448 1285 3530 llajestie's

174 3563 263 3621 most
278 3555 376 3638 pious
390 3554 457 3617 and
471 3552 690 3616 allectionate
703 3572 779 3615 care
794 3552 845 3614 lor
860 3553 917 3615 the
931 3553 1065 3617 Church
1078 3553 1114 3616 ol
1127 3552 1286 3638 England

176 3659 356 3744 expressed
372 3659 405 3721 in
422 3678 508 3740 your
524 3657 592 3720 late
608 3675 760 3739 message
777 3663 813 3718 to
831 3657 888 3718 the
906 3656 1022 3721 House
1039 3656 1074 3719 ol
1090 3656 1285 3731 Comrnons,

176 3765 320 3828 wherein
349 3783 436 3846 your
466 3761 619 3843 llajestie
646 3761 672 3823 is
700 3760 893 3844 graciously
923 3760 1060 3844 pleased
1090 3767 1128 3824 to
1153 3760 1287 3825 declare

178 3870 255 3933 that
281 3888 349 3951 you
376 3866 441 3929 will
466 3866 543 3950 give
568 3885 655 3948 your
680 3865 787 3928 whole
814 3865 1065 3929 Ecclesiastical
1093 3865 1286 3940 Revenues,

177 3973 383 4038 First-lruits
413 3973 481 4036 and
512 3969 651 4042 Tenths,
684 3990 720 4031 as
751 3969 777 4033 it
808 3970 895 4033 shall
927 3971 1065 4034 become
1098 3969 1166 4032 lree
1199 3970 1287 4034 [rom

176 4080 444 4150 incumbrances,
479 4083 516 4139 to
549 4077 590 4139 be
624 4073 753 4156 applyd
788 4080 825 4136 to
860 4075 918 4137 the
952 4073 1215 4157 augmentation
1254 4075 1290 4138 ol

176 4205 260 4270 poor
272 4183 443 4247 Benehces
456 4181 666 4265 throughout
679 4177 847 4261 England.
896 4177 976 4240 Wee
988 4182 1115 4240 cannot
1129 4177 1289 4241 lorbeare

175 4291 296 4373 saying
314 4289 390 4352 that
408 4307 494 4370 your
512 4283 666 4368 llajestie
684 4283 746 4345 has
764 4283 796 4344 in
816 4282 884 4345 this
901 4280 1110 4364 surprizeing
1128 4279 1289 4346 instance

176 4396 211 4459 ol
230 4414 317 4478 your
336 4393 497 4456 kindness
517 4399 553 4454 to
574 4391 631 4454 the
650 4386 794 4459 Church,
816 4385 968 4448 outdone
988 4384 1032 4447 all
1051 4401 1138 4464 your
1161 4381 1290 4467 Royall
