2918 5010
199 386 263 451 106
399 454 403 462 ,
589 387 761 454 Reconos
785 407 831 453 or
854 405 925 453 rua

198 577 331 643 dictum
352 600 494 665 regnum
515 587 672 645 nostrum
693 587 727 644 et
748 580 925 645 ecclesiam
946 587 1104 644 sanctam
1125 601 1257 665 nosque
1279 588 1316 645 et

199 688 311 747 totam
327 684 480 768 linguam
498 684 722 768 Anglicanam
739 685 938 749 subvertere
955 692 989 749 et
1007 684 1182 749 destruere
1198 684 1241 748 de
1258 683 1313 748 die

199 786 232 850 in
260 787 351 852 diem
380 789 463 852 totis
491 789 622 853 viribus
648 810 683 853 se
711 795 891 863 conantur,
921 789 984 853 nisi
1013 810 1132 853 eorum
1159 789 1312 865 malitiis¹

199 890 391 975 adjuvante
428 893 512 968 Deo,
551 894 673 958 fortius
711 893 900 968 resistatur,
938 915 1001 957 vos
1037 915 1106 957 non
1142 893 1315 958 credimus

198 995 375 1081 ignorare;
414 997 505 1063 unde
529 999 564 1062 in
587 998 815 1063 salvationem
839 1005 952 1063 status
975 998 1136 1063 ecclesiae
1159 1004 1313 1073 sanctae,

198 1101 291 1186 regni
330 1123 370 1166 ac
408 1103 524 1187 populi
565 1110 761 1168 nostrorum
801 1104 1026 1167 necessariam
1065 1102 1313 1177 defensionem,

198 1211 362 1289 sumptus
387 1228 427 1270 ac
451 1227 572 1271 census
596 1214 630 1270 et
655 1228 823 1291 expensas
848 1205 1116 1272 inestimabiles*
1140 1206 1315 1271 effundere

199 1330 260 1373 nos
303 1317 462 1394 oportet:
504 1331 624 1375 verum
665 1312 770 1395 quial
812 1311 856 1375 ad
898 1312 1050 1395 ipsorum
1090 1331 1233 1376 onerum
1276 1332 1316 1376 ac

198 1421 402 1498 sumptuum
441 1415 740 1498 supportationem
781 1416 910 1500 absque
949 1415 1127 1499 juvamine
1163 1415 1315 1480 fidelium

197 1523 393 1583 nostrorum
417 1538 486 1583 non
510 1518 707 1595 sufficimus,
733 1519 822 1583 sicut
846 1520 963 1594 scitis;
1002 1520 1101 1584 vobis
1126 1521 1160 1584 in
1186 1519 1253 1583 fide
1278 1526 1313 1583 et

197 1622 389 1699 dilectione,
419 1623 545 1708 quibus
574 1623 673 1687 nobis
703 1624 878 1699 tenemini,
909 1624 1063 1709 rogando
1092 1624 1310 1699 mandamus

197 1735 369 1812 quatenus
385 1728 609 1792 consideratis
626 1733 700 1792 tam
716 1728 890 1793 arduitate
915 1730 1135 1813 negotiorum
1161 1728 1313 1813 praedic·

199 1838 325 1908 torum,
343 1853 449 1917 quam
465 1832 653 1918 grandibus
670 1832 947 1918 periculis‚,quae
967 1833 1130 1897 eeclesiae
1153 1839 1187 1896 et
1210 1852 1314 1918 regno

198 1936 382 2021 praedictis
419 1937 558 2001 oculata
595 1937 661 2002 fide
704 1937 882 2001 imminere
919 1937 1127 2021 conspicitis
1169 1935 1314 2001 attentis

198 2040 314 2106 debite
353 2049 388 2106 et
427 2042 661 2117 consideratis
702 2042 936 2127 suffraganeos
979 2049 1122 2117 vestros,
1163 2047 1227 2106 etc.
1269 2041 1314 2105 ad

198 2146 467 2230 comparendum
507 2167 622 2211 coram
665 2147 763 2210 vobis
810 2147 845 2211 in
888 2146 1029 2210 ecclesia
1067 2146 1185 2210 Sancti
1221 2146 1314 2209 Petri

199 2251 424 2315 Eboracensis
470 2251 522 2314 vel
571 2251 662 2325 alibi,
710 2258 813 2335 prout
860 2250 1012 2335 expediri
1059 2249 1224 2324 videritis
1269 2250 1312 2315 ad

199 2355 290 2420 diem
309 2375 412 2439 quem
438 2354 605 2437 poteritis,
633 2375 725 2418 more
749 2355 851 2419 solito
876 2356 1055 2420 convocari
1084 2355 1240 2431 faciatis;
1279 2362 1313 2419 et

199 2459 390 2524 breviorem
415 2459 462 2522 eis
486 2458 587 2522 dictis
611 2459 756 2543 negotiis
781 2467 816 2523 et
843 2460 1001 2544 periculis
1025 2460 1153 2524 ibidem
1178 2459 1314 2543 plenius

199 2562 364 2647 expositis
381 2568 415 2625 et
435 2561 627 2636 declaratis
646 2569 680 2624 ct
701 2563 792 2646 ipsos
809 2563 853 2626 ad
875 2564 1066 2628 subsidium
1090 2565 1122 2629 in
1147 2566 1210 2628 hoc
1232 2585 1314 2628 casu

199 2673 398 2750 competens
425 2673 459 2728 et
489 2666 716 2731 necessarium
745 2668 779 2730 in
808 2669 1108 2751 supportationem
1137 2669 1311 2754 dictorum

199 2791 341 2837 onerum
369 2778 402 2833 et
427 2776 630 2852 sumptuum
653 2771 750 2834 nobis
779 2772 1038 2836 concedendum
1061 2793 1100 2836 eo
1122 2772 1312 2856 specialius

199 2885 233 2942 et
254 2895 332 2940 eum
353 2873 502 2937 efficacia
522 2895 591 2958 qua
613 2875 721 2958 magis
741 2876 920 2948 sciveritis,
944 2877 997 2940 vel
1019 2877 1188 2960 poteritis,
1213 2882 1313 2940 tanta

200 2980 402 3046 necessitate
424 2986 599 3053 causante,
626 2979 808 3053 inducatis,
834 2989 867 3044 et
891 2988 1006 3064 partes
1029 2988 1161 3045 vestras
1183 2981 1227 3045 ad
1249 2981 1315 3045 hoc

199 3083 425 3151 effectualiter
463 3084 657 3167 apponatis,
699 3106 761 3148 nos
802 3086 835 3149 in
875 3085 1076 3149 cancellaria
1115 3091 1233 3149 nostra
1271 3085 1314 3149 de

199 3189 398 3276 qllantitate
412 3187 553 3250 subsidii
570 3188 668 3261 illius,
685 3211 724 3253 ac
739 3189 780 3252 de
797 3190 951 3253 terminis
965 3189 1145 3253 solutionis
1159 3189 1313 3272 ejusdem

199 3294 436 3362 certificantes.
486 3292 531 3354 Et
557 3293 620 3357 hoe
644 3293 732 3357 sicut
765 3315 827 3356 nos
851 3301 884 3357 et
911 3294 1073 3357 honorem
1098 3300 1254 3357 nostrum
1275 3314 1314 3357 ac

199 3398 426 3466 salvationem
459 3403 492 3458 et
525 3395 756 3461 defensionem
793 3398 952 3461 ecclesiae
979 3405 1013 3461 et
1041 3398 1133 3482 regni
1162 3397 1314 3481 praedic-

202 3515 314 3573 turum
336 3501 476 3586 diligitis
497 3500 692 3565 nullatenus
714 3502 897 3565 omittatis.
946 3502 973 3564 T
975 3509 1047 3565 este
1068 3502 1199 3586 meipso
1219 3502 1313 3586 apud

201 3605 543 3677 ll’eslmonasterium
580 3606 654 3668 xvi0
690 3606 744 3670 die
784 3606 909 3679 Martii,
947 3627 1037 3670 cumo
1073 3607 1166 3691 regni
1202 3607 1310 3671 nostri

200 3712 359 3781 serundo.
408 3709 513 3792 Cujus
561 3710 673 3772 brevis
721 3710 836 3794 vigore
883 3711 1056 3794 praelatos
1103 3718 1137 3773 et
1185 3710 1313 3775 clerum

202 3824 396 3889 multatum
427 3813 590 3887 civitatis,
623 3813 814 3877 dioeceseos
846 3821 880 3877 et
916 3814 1112 3897 provinciae
1144 3816 1188 3878 ad
1223 3814 1313 3879 diem

204 3922 332 3992 llario.
355 3917 512 3984 videlicet
536 3918 684 4002 primum
707 3917 798 3982 diem
821 3919 946 3982 mensis
971 3919 1169 3982 Decembris
1192 3918 1315 3983 ultimo

274 4076 288 4107 ⁸
313 4075 362 4123 llio
376 4086 446 4136 eruis
462 4071 585 4119 lollowerl
607 4071 642 4133 bv
664 4069 800 4117 Wlmrton
822 4071 884 4116 bere
904 4070 1029 4131 ‹livergcs
1050 4070 1114 4117 tlius
1127 4071 1310 4119 :-iuestima·

202 4156 268 4203 lull-:1
321 4162 345 4204 rt
364 4152 458 4216 ullum>
479 4159 600 4215 tempore
621 4150 778 4213 praeterito,
795 4149 881 4210 magis
897 4149 980 4196 solito
999 4150 1157 4207 grandiores
1171 4151 1312 4198 etlumlere

203 4252 250 4282 lubi
264 4240 372 4294 ittutllel
390 4234 403 4244 ¹⁸

277 4328 286 4380 l
317 4329 382 4375 lltci
425 4325 531 4388 'irritu''
560 4325 693 4372 ll'lmrlon
720 4323 799 4370 reads
827 4321 920 4383 “quia
945 4322 979 4368 lle
1004 4321 1084 4383 copia
1113 4321 1243 4376 thesauri,
1271 4322 1313 4370 vel

203 4410 336 4453 iminium
370 4422 395 4453 ru
417 4406 571 4473 pilioni-ilus
592 4405 676 4453 riustri
700 4401 847 4465 regiminis,
872 4415 922 4448 nec
943 4400 1050 4454 mirum,
1072 4400 1182 4462 penitus
1202 4401 1312 4457 alieni,”

204 4488 238 4533 ‚ul
255 4501 375 4548 iptorum
400 4495 451 4537 vti.
