2918 5010
169 372 235 436 300
557 354 731 422 Recorms
754 372 800 422 or
821 371 894 421 rnre

169 547 345 629 Jolrannes
386 547 598 633 [Bridgman]
641 547 832 633 Episcopus
869 547 1062 614 Castrensis
1105 570 1170 633 per
1202 550 1291 637 Mag.

261 652 425 717 l’lrineam
448 651 601 728 Hodson,
623 652 740 717 S.T.P.

173 780 349 846 llarnolras
398 781 541 864 [Potter]
591 780 782 867 Episcopus
827 780 1044 847 Carliolensis
1092 804 1158 868 per
1201 784 1291 871 lllag.

260 885 486 950 Lancelotum
506 885 638 961 DaweS,
659 884 774 951 S.T.P.
992 904 999 917 ·

173 1014 364 1080 Riclrarrlus
388 1016 495 1098 [Part]
520 1015 711 1100 Episcopus
732 1015 929 1081 Sodorensis
949 1017 1152 1101 comparuit
1174 1039 1291 1103 perso-

260 1120 392 1185 naliter.

172 1248 330 1313 llecanns
371 1249 595 1313 Eboracensis
636 1249 742 1332 [John
781 1250 872 1325 Scot,
907 1247 1065 1333 S.T.P.?
1100 1272 1165 1336 per
1199 1253 1290 1339 Mag.

259 1352 479 1418 (inilielnrum
498 1352 649 1429 Easdall,
669 1354 782 1419 LL.D.

171 1480 375 1545 Mandatum
410 1481 572 1565 originale
607 1481 700 1546 dicto
736 1482 874 1547 Decano
907 1488 943 1546 et
977 1482 1143 1567 capitulo
1174 1486 1291 1552 dictae

260 1585 429 1649 Ecclesiae
479 1586 647 1651 directum
682 1606 744 1671 per
782 1586 870 1672 Mag.
911 1585 1109 1669 johanne-m
1144 1589 1291 1656 Ranson

262 1689 482 1771 (Notarium).

172 1819 331 1884 lleconns
347 1820 585 1884 Dunelmensis
601 1840 661 1904 per
678 1820 765 1906 llag.
789 1820 981 1885 Gabrielem
998 1820 1133 1897 Clarke‚
1152 1824 1273 1891 S.T.P.

171 1950 330 2015 Decanns
351 1949 536 2015 Castrensis
556 1970 615 2034 per
637 1949 725 2035 Mag.
744 1950 930 2015 Henricum
950 1950 1145 2029 Wickham,
1167 1954 1287 2020 S.T.P.

173 2083 332 2147 Decanus
348 2081 560 2145 Carliolensis
577 2100 637 2164 per
653 2080 741 2166 Mag.
762 2080 913 2146 Phineas
929 2081 1085 2157 Hodson,
1105 2082 1227 2150 S.T.P.

174 2212 333 2276 Decanns
380 2207 549 2273 Ecclesiae
596 2208 803 2294 Collegiatae.
845 2209 888 2274 de
931 2210 1045 2295 Ripon
1088 2232 1151 2296 per
1193 2212 1285 2299 Mag.

263 2314 448 2379 Ricardum
475 2313 600 2387 llarslr,
627 2313 755 2389 S.T.P.,
780 2320 814 2377 et
844 2314 1064 2380 Timotheum
1091 2316 1285 2402 Calverley,

262 2420 374 2484 LL.D.
1150 2429 1153 2435 '

172 2547 440 2613 ,archidiaconus
496 2546 719 2611 liboracensis
772 2547 890 2630 [Henr.
944 2548 1137 2633 Wickharn]
1193 2550 1283 2637 lllag.

260 2651 452 2737 comparuit
473 2650 705 2734 personaliter.

173 2783 441 2849 .·lrcl1i‹liaconas
469 2779 698 2863 Nottinglrarn
725 2781 826 2863 [Wrn.
855 2781 1043 2859 Robinson,
1069 2784 1200 2868 S.T.P.]
1224 2807 1285 2870 per

261 2889 348 2973 Mag.
381 2886 563 2971 Georgium
598 2886 783 2970 Stanlrope,
826 2887 954 2962 S.T.P.,
996 2895 1029 2951 et
1071 2888 1284 2955 Edwardum

262 2991 484 3066 llotterslred,
506 2991 618 3056 LL.D.

173 3124 441 3189 Arcliidiaconus
473 3121 680 3206 Estrydinge
713 3121 758 3203 [J.
792 3120 904 3196 Cosin,
937 3121 1066 3205 S.T.P.]
1100 3144 1161 3207 per
1192 3125 1281 3207 llag.

263 3229 469 3294 Edwardnm
490 3225 713 3300 Motterslred‚
735 3225 846 3289 LL.D.

173 3359 441 3424 Arclndiaconas
465 3355 506 3419 de
530 3353 714 3417 Cleveland
741 3353 785 3435 Η.
812 3352 917 3428 Neile,
936 3354 1067 3437 S.T.ss.]
1086 3358 1282 3440 comparuit

500 3458 732 3543 personaliter.

307 3646 325 3667 „
457 3588 695 3653 Dunelmensis
722 3586 773 3669 [o.
801 3588 913 3663 Clark,
939 3589 1068 3672 S.T.P.]
1086 3593 1282 3676 comparuit

500 3692 732 3778 personaliter.

319 3880 325 3899 ,
457 3822 724 3887 Nortlrumbriae
782 3823 833 3903 [E.
890 3822 1021 3906 Gower]
1077 3844 1137 3908 per
1191 3825 1281 3913 Mag.

501 3927 693 3992 Gabrielem
712 3926 842 3990 Clarke.

320 4116 327 4137 ,
459 4057 644 4123 bostrensis
663 4056 895 4140 personaliter.

459 4187 705 4253 Riclrmondiae
727 4185 826 4268 [Wm.
851 4186 992 4270 Kniglrt,
1020 4186 1159 4269 LL.D.].
1185 4191 1283 4256 nullo

500 4294 612 4358 modo

175 4418 179 4423 ⁸
246 4452 258 4473 ”
274 4450 351 4499 Dean
366 4448 430 4496 Scot
444 4446 507 4495 ‹lierl
529 4444 557 4493 in
572 4444 619 4493 the
635 4443 731 4506 King's
746 4441 839 4489 bench
856 4440 950 4489 Prison
964 4441 991 4488 in
1010 4450 1083 4501 1044.
