2918 5010
478 378 683 444 Nonrunnu
708 378 978 443 Convocxnon.
1226 374 1287 457 185

174 572 311 639 credere
347 572 472 637 Filium
507 571 722 656 unigenitum
758 590 829 633 esse
865 569 988 633 Deum.
1036 568 1188 652 Quartus
1222 574 1286 643 est,

173 678 309 745 credere
320 677 485 763 Spiritum
497 677 663 741 Sanctum
674 695 736 739 nec
746 674 901 759 genitum
915 674 999 754 laec}
1013 674 1204 758 ingenitum
1214 693 1286 737 esse

175 782 298 857 Deum,
315 780 375 846 sed
391 802 412 846 a
428 780 531 845 Patre
547 786 581 845 et
599 780 684 844 Filio
701 779 830 863 pariter
845 778 1097 863 procedentem.
1136 779 1286 863 Quintus

120 908 122 914 ·
175 891 239 960 est,
270 885 398 950 creatio
427 884 512 949 caeli
542 889 577 948 et
608 888 728 959 terrae,
760 884 825 947 hoc
855 889 906 947 est
937 883 1048 947 omnis
1079 882 1221 948 visibilis
1250 888 1286 946 et

175 989 355 1055 invisibilis
377 995 555 1054 creaturae
579 1010 599 1052 a
622 994 699 1053 tota
721 987 919 1052 indivisibili
943 987 1122 1052 Trinitate.
1161 988 1286 1052 Sextus

125 1149 130 1156 .
175 1101 237 1170 est,
274 1093 504 1159 sanctificatio
539 1092 701 1158 ecclesiae
737 1112 797 1176 per
833 1093 999 1177 Spiritum
1036 1092 1213 1167 Sanctum,
1251 1099 1286 1156 et

174 1199 305 1285 gratiae
332 1204 559 1272 sacramenta,
588 1202 623 1261 et
650 1202 786 1262 caetera
813 1198 940 1272 omnia,
972 1198 1007 1262 in
1037 1198 1163 1282 quibus
1194 1217 1285 1262 com-

175 1303 329 1369 municat
360 1302 499 1367 ecclesia
529 1301 746 1376 Christiana;
785 1301 818 1365 in
849 1322 919 1386 quo
949 1301 1160 1387 intelligitur,
1192 1301 1287 1387 quod

175 1407 315 1473 ecclesia
344 1427 424 1471 cum
453 1406 523 1470 suis
552 1405 776 1469 sacramentis
806 1412 840 1469 et
870 1406 1001 1490 legibus
1031 1426 1091 1490 per
1120 1407 1286 1490 Spiritum

176 1511 342 1578 Sanctum
395 1511 489 1575 omni
543 1509 685 1584 homini,
740 1518 1049 1596 quantumcunque
1103 1512 1285 1596 peccatori,

175 1615 300 1680 sufficit
330 1615 375 1679 ad
404 1614 575 1688 salutem;
613 1620 647 1677 et
677 1613 772 1698 quod
801 1621 900 1680 extra
929 1616 1105 1680 ecelesiam
1136 1636 1204 1680 non
1234 1624 1286 1680 est

176 1718 277 1785 salus.
326 1719 500 1803 Septimus
522 1724 584 1792 est,
608 1719 861 1784 consummatio
882 1720 1041 1785 ecclesiae
1064 1740 1124 1804 per
1144 1721 1287 1804 gloriam

176 1829 353 1889 aeternam
378 1822 412 1886 in
438 1822 553 1886 anima
578 1828 612 1885 et
637 1842 777 1906 corpore
802 1824 970 1888 veraciter
993 1825 1215 1901 suscitanda;
1252 1832 1287 1890 et

176 1948 236 2012 per
249 1927 448 2012 oppositum
463 1926 664 2010 intelligitur
678 1933 818 1992 aeterna
832 1927 1011 1993 damnatio
1026 1931 1259 2014 reprobomm.

266 2056 355 2120 Item
399 2055 455 2119 alii
500 2061 632 2139 septem
676 2057 812 2121 articuli
856 2059 1029 2142 pertinent
1074 2059 1118 2124 ad
1162 2060 1288 2126 Christi

178 2161 443 2226 humanitatem.
492 2160 627 2225 Primus
657 2167 720 2235 est,
753 2161 944 2227 incarnatio
974 2184 1034 2229 seu
1066 2184 1147 2229 vera
1177 2166 1289 2230 carnis

177 2267 368 2352 assumptio
414 2287 455 2330 ex
500 2266 573 2329 sola
618 2286 678 2350 per
722 2266 888 2350 Spiritum
938 2267 1103 2333 Sanctum
1158 2269 1288 2355 virgine

176 2372 331 2456 gloriosa.
380 2371 557 2436 Secundus
582 2377 644 2445 est,
672 2370 743 2434 veri
768 2369 938 2435 incarnati
964 2371 1027 2435 Dei
1052 2373 1220 2438 nativitas
1244 2394 1287 2439 ex

178 2475 307 2561 virgine
333 2476 541 2559 incorrupta.
589 2474 724 2539 Tertius
749 2480 811 2549 est,
839 2476 909 2539 veri
935 2475 1058 2540 Christi
1086 2477 1149 2541 Dei
1174 2478 1287 2562 passio

177 2587 210 2645 et
247 2600 339 2644 mors
374 2581 408 2644 iu
444 2599 543 2644 cruce
578 2580 643 2643 sub
678 2586 828 2661 tyranno
865 2580 986 2646 Pilato.
1035 2581 1187 2666 Quartus
1222 2591 1299 2658 est,

176 2684 350 2749 descensio
381 2683 507 2747 Christi
539 2682 601 2746 Dei
634 2682 678 2746 ad
710 2683 835 2749 inleros
866 2686 900 2750 in
932 2688 1058 2761 anima,
1090 2688 1287 2772 quiescente

175 2809 316 2874 corpore
342 2789 375 2853 in
401 2787 592 2871 sepulchro,
619 2786 663 2850 ad
688 2788 928 2870 spoliationem
955 2792 1086 2856 tartari.
1137 2791 1287 2876 Quintus

176 2901 239 2969 est,
264 2914 345 2957 vera
367 2892 492 2957 Christi
517 2892 727 2956 resurrectio.
776 2892 900 2958 Sextus
923 2900 985 2968 est,
1010 2915 1092 2959 vera
1114 2896 1220 2979 ipsius
1242 2896 1287 2961 ad

176 2999 308 3064 caelum
322 2997 483 3062 ascensio.
528 2996 702 3080 Septimus
715 3003 777 3072 est,
792 2997 1047 3081 ipsiusventuri
1061 2998 1105 3063 ad
1118 2999 1285 3082 judicium

176 3102 366 3167 certissima
386 3101 593 3186 expectatio.
644 3100 732 3163 Item
753 3101 869 3166 decem
891 3102 1134 3168 mandatorum
1156 3105 1288 3170 Veteris

177 3211 402 3285 Testamenti,
439 3211 506 3275 tria
540 3209 744 3285 ordinantur
777 3206 821 3270 ad
857 3206 968 3270 Deum
1003 3227 1091 3291 quae
1126 3208 1289 3276 dicuntur

177 3313 345 3381 mandata
372 3315 503 3400 primae
532 3314 693 3389 tabulae;
732 3313 870 3395 Septem
899 3330 980 3374 vero
1008 3310 1052 3375 ad
1080 3312 1286 3396 proximum,

176 3441 265 3505 quae
299 3420 462 3484 dicuntur
495 3418 665 3483 secundae
699 3413 840 3483 tabulae
875 3414 1051 3479 mandata.
1102 3415 1142 3480 In
1176 3417 1287 3501 primo

177 3526 380 3610 prohibetur
401 3524 512 3589 omnis
535 3523 718 3606 ydolatria,
742 3541 821 3585 cum
844 3519 980 3594 dicitur,
1007 3518 1027 3543 ‘⁴
1043 3518 1121 3584 Non
1145 3520 1288 3587 habebis

178 3630 269 3694 Deos
292 3629 420 3694 alienos
443 3648 559 3693 coram
583 3648 637 3691 me
654 3628 696 3702 '';
722 3627 756 3690 in
780 3645 849 3710 quo
873 3623 1038 3707 implicite
1062 3625 1288 3708 prohibentur

178 3735 293 3799 omnia
318 3733 491 3816 sortilegia
516 3739 550 3796 et
576 3753 694 3796 omnes
720 3729 983 3804 incantationes,
1012 3750 1091 3794 cum
1125 3733 1287 3815 supersti-

179 3839 329 3903 tionibus
392 3845 607 3901 caractarum
670 3835 869 3919 hujusmodi
933 3834 1185 3918 figmentorum.
1247 3837 1287 3902 In

177 3941 338 4016 secundo,
374 3962 453 4005 cum
487 3940 623 4015 dicitur,
660 3939 961 4005 “Nonassumes
996 3959 1119 4004 nomen
1155 3941 1218 4005 Dei
1252 3942 1286 4007 in

178 4049 343 4122 vanum,’'
382 4048 584 4132 prohibetur
618 4045 851 4131 principaliter
881 4043 1029 4107 haeresis
1060 4044 1220 4110 universa
1253 4053 1287 4112 et

177 4153 377 4219 secundarie
390 4153 501 4216 omnis
514 4151 736 4235 blasphemia,
750 4157 785 4216 et
798 4150 984 4214 irreverens
997 4148 1060 4212 Dei
1072 4149 1264 4215 nominatio
1280 4171 1287 4227 ;

179 4258 360 4341 praecipue
385 4257 419 4321 in
444 4255 603 4341 perjurio,
653 4256 692 4319 ln
719 4256 821 4320 tertio
845 4253 1022 4328 mandato
1047 4274 1126 4318 cum
1150 4253 1287 4332 dicitur,

179 4361 389 4426 “Memento
410 4369 448 4426 ut
470 4360 663 4425 Sabbatum
684 4358 916 4435 Sanctifices,''
939 4360 1156 4442 praecepitur
1175 4361 1289 4426 cultus

179 4467 349 4553 religionis
378 4467 602 4542 Christianae,
633 4464 677 4529 ad
706 4484 810 4551 quem
841 4461 1075 4528 indifferenter
1110 4464 1221 4529 clerici
1252 4473 1288 4531 et
