2962 5002
185 342 228 408 88
573 345 745 411 chonns
769 362 814 409 or
838 359 910 410 rma

187 537 288 621 Regis
308 544 369 602 aut
392 537 500 619 Regni
520 537 572 601 sui
593 557 794 602 concemere
815 542 980 620 potemnt
1002 532 1240 619 impendendi,
1263 551 1305 596 ac

186 640 260 704 aliis
277 661 367 725 quae
386 641 459 704 Deo
478 647 617 705 auctore
637 641 721 706 inibi
740 640 923 726 contigerit
942 639 1093 704 ordinari
1113 637 1162 702 sic
1183 644 1305 701 tamen

186 754 220 806 ct
239 765 306 808 nnn
323 744 417 812 alias.
433 765 494 808 nec
512 744 603 809 ultra
615 765 721 828 quam
733 764 824 828 quae
836 742 1066 827 exemptionis
1081 740 1307 826 privilegium

187 867 350 930 personae
365 854 503 912 nostrae
518 847 647 912 clericis
662 869 702 912 ac
718 849 819 912 rebus
833 846 962 913 nostris
977 869 999 911 a
1013 846 1095 911 sede
1110 844 1308 929 apostolica

187 950 360 1016 indultum
391 959 530 1016 maneat
563 953 597 1016 in
628 952 788 1016 omnibus
819 958 854 1015 et
886 972 947 1035 per
978 951 1096 1016 omnia
1127 949 1308 1013 illibatum

186 1055 432 1119 consentiendi.
504 1055 746 1120 Permittentes
790 1076 854 1120 nos
892 1063 1007 1120 ratum
1046 1054 1232 1118 habituros
1272 1060 1308 1116 et

184 1165 322 1240 gratum
348 1158 517 1242 quidquid
544 1178 604 1242 per
629 1159 826 1242 praelatum
853 1167 1112 1243 procuratorem
1140 1164 1307 1222 nostrum

187 1260 220 1324 in
265 1261 457 1344 peremissis
498 1262 670 1326 duntaxat
715 1271 833 1327 actum
871 1270 1053 1347 gestumve
1096 1261 1202 1326 luerit
1244 1266 1308 1326 aut

186 1373 419 1447 procuratum,
432 1365 537 1429 etiam
554 1366 582 1428 si
600 1366 805 1431 mandatum
819 1368 959 1451 exigant
972 1366 1130 1450 speciale.
1171 1365 1308 1431 Tenore

187 1475 303 1530 tamen
343 1468 573 1550 pmesentium
612 1469 873 1534 exlrabundanti
920 1469 1137 1552 procuratori
1185 1475 1310 1533 nostro

183 1570 406 1652 ccrnpmendi
431 1572 569 1635 nomine
592 1580 710 1636 nostro
731 1593 792 1637 seu
814 1594 878 1657 pro
900 1574 1001 1638 nobis
1022 1594 1141 1639 coram
1164 1572 1311 1638 domino

188 1672 394 1738 Eliomcensi
422 1674 684 1758 Archiepiscopo
709 1696 769 1740 seu
794 1677 869 1759 ejus
895 1697 1118 1761 quocumque
1145 1676 1310 1742 ministro

187 1775 222 1838 vi
253 1783 286 1840 ct
323 1777 453 1840 virtute
490 1777 664 1843 citationis
697 1781 983 1862 praemunitionis
1015 1781 1070 1845 vel
1102 1779 1311 1845 monitionis

186 1880 327 1964 parendi
365 1879 558 1963 specialiter
594 1881 778 1947 adunimus
814 1891 1040 1967 potestatem,
1078 1904 1160 1949 cum
1198 1884 1311 1948 simus

187 1983 233 2046 ab
244 1982 320 2061 eius
330 1983 565 2064 jurisdictione
582 1992 616 2047 et
632 1985 846 2068 subjectione
862 1988 1071 2053 omnimodis
1083 1988 1311 2072 Apostolicae

187 2085 400 2167 exceptionis
434 2086 611 2170 privilegio
645 2097 778 2153 notorie
812 2092 1028 2156 communiti.
1078 2092 1120 2156 In
1155 2112 1310 2175 quorum

187 2187 342 2250 omnium
361 2187 595 2252 testimonium
612 2190 760 2275 sigillum
777 2201 934 2258 nostrum
952 2196 1125 2278 praesenti
1143 2215 1311 2279 procura-

188 2288 278 2352 torio
318 2299 368 2351 cst
409 2310 609 2371 appensum.
658 2292 787 2359 Datum
830 2296 864 2360 in
905 2299 1060 2363 manerio
1101 2305 1225 2364 nostro
1267 2298 1312 2363 de

191 2387 374 2453 ,llidclliam
401 2393 660 2472 quartodecimo
685 2395 740 2458 die
767 2400 893 2462 mensis
920 2400 1012 2473 Maii,
1040 2419 1115 2465 ap.
1145 2419 1246 2483 1351,
1275 2412 1312 2466 et

188 2496 327 2552 nostrae
351 2494 615 2558 consmmtiunis
638 2509 746 2561 sexto.
803 2501 988 2583 Quandarn
1013 2505 1311 2588 protestationem

186 2590 224 2652 in
253 2591 388 2673 scriptis
417 2594 591 2660 adactam
620 2599 733 2680 pilam
763 2603 888 2669 ibidem
918 2614 952 2669 et
982 2607 1120 2691 publice
1148 2609 1311 2695 perlegit.

186 2690 288 2771 cujus
328 2701 426 2756 tenor
463 2715 522 2777 per
561 2701 676 2764 omnia
718 2705 795 2767 talis
834 2716 908 2771 est:
969 2710 1009 2774 ln
1049 2711 1112 2774 Dei
1154 2713 1312 2789 nomine,

190 2791 310 2854 Anien.
358 2793 488 2858 Audito
512 2819 648 2880 perine
672 2803 880 2875 ll'illelmum
907 2811 1026 2896 Legat.
1052 2814 1313 2882 Cancellarium

190 2912 229 2953 ac
263 2906 518 2974 procuratorem
553 2904 618 2965 snb
651 2915 744 2971 certa
781 2910 890 2976 tonna
925 2915 1137 2999 deputatum
1172 2918 1312 2985 domini

189 2992 340 3057 'lhouiae
372 2997 433 3060 llei
461 3003 572 3083 gnrtia
604 3005 845 3077 Duirolmeusis
876 3016 1036 3102 Episcopi
1067 3021 1113 3083 ab
1144 3022 1242 3086 omni
1274 3031 1312 3088 et

189 3094 385 3160 omnimoda
407 3099 642 3180 jurisdictione
664 3131 704 3173 ac
726 3115 942 3196 subjectione
964 3123 1172 3187 venerabilis
1195 3127 1313 3208 patris

189 3194 318 3259 domini
346 3199 568 3269 Eboraccnsis
593 3208 848 3300 ,tretriepiscopi
874 3225 1085 3288 auctoritate
1110 3228 1312 3309 apostolica

189 3298 322 3359 notorie
333 3305 494 3385 exempti.
506 3310 599 3388 quod
611 3310 669 3374 liet
680 3315 734 3378 hic
746 3317 780 3380 in
791 3322 932 3388 ccclesia
946 3327 1157 3393 Eboracensi
1170 3329 1239 3396 hoc
1251 3334 1312 3399 die

191 3393 345 3460 llercurii
367 3404 522 3482 proximo
545 3417 626 3472 ante
651 3414 776 3481 testum
801 3421 918 3490 Sancti
942 3428 1117 3495 Dunstani
1137 3437 1315 3517 generalis

189 3501 392 3563 convocatio
419 3504 496 3568 cleri
527 3509 753 3581 Eboraceusis
780 3526 977 3603 provinciae
1005 3533 1050 3596 ad
1080 3539 1314 3605 tractandum

189 3614 291 3704 super
318 3604 463 3683 negotiis
491 3608 718 3680 salvationem
747 3630 781 3684 et
812 3627 1002 3698 utilitatem
1031 3635 1164 3703 domini
1194 3644 1312 3708 nostri

194 3693 293 3775 R⁰S¹S
313 3707 357 3807 ¹01
387 3706 478 3786 segni
508 3710 561 3772 sui
590 3713 732 3797 Angliae
761 3736 1058 3805 concernentibus.
1091 3760 1312 3822 praecavens

191 3813 232 3856 ¹¹⁹
262 3795 458 3910 hujusmodi
487 3813 624 3892 negotia
653 3829 835 3898 praetextu
865 3835 1042 3903 absentiae
1072 3841 1206 3908 domini
1237 3851 1308 3912 mei

191 3896 367 4006 ffel-¹¹⁰⁸·
408 3909 503 4016 qltod
543 3913 645 3986 absit,
688 3919 972 4005 impedimentum
1015 3944 1207 4026 reciperent
1250 3953 1308 4015 vel

191 3995 390 4065 d¹¹³t¹0¹¹0111
416 4007 610 4089 alaudem,
638 4023 774 4088 nomine
800 4031 930 4101 nomini
958 4044 1024 4105 mei
1051 4048 1222 4128 praedicti
1250 4053 1309 4118 nic

191 4117 382 4181 ςΟΠῚΡὲΠθθ·
412 4106 597 4178 dumtaxat
625 4119 727 4199 juxta
757 4129 901 4201 lorinam
931 4144 1014 4207 mihi
1043 4147 1078 4210 in
1107 4149 1172 4213 hac
1200 4162 1305 4233 parte

190 4198 435 4271 demandatam
467 4219 501 4276 et
533 4236 601 4280 non
630 4220 715 4287 alias
746 4249 807 4294 nec
839 4237 940 4305 ultra.
990 4246 1166 4313 protestor
1192 4254 1303 4320 etjam

190 4301 304 4384 palam
322 4313 356 4369 et
375 4312 510 4390 publice
526 4320 621 4400 quod
636 4342 707 4389 non
724 4338 775 4394 est
794 4334 995 4409 intentionis
1011 4368 1117 4421 meae,
1135 4369 1196 4414 seu
1215 4353 1301 4419 dicti
