2918 5010
487 379 694 447 Nomi-:nx
724 380 993 447 Cosvocarros.
1251 399 1292 463 35

189 571 273 639 Item
287 574 478 639 consimiles
492 575 611 639 literae
626 573 776 639 directae
792 576 931 640 fuerunt
948 576 1121 660 magistris
1137 575 1289 640 Thomae

185 677 226 742 de
261 679 459 754 Middleton,
498 680 595 743 iratn'
632 679 675 743 de
712 680 829 744 ordine
861 679 1137 763 praedicatorum
1171 680 1287 752 Ebor.,

183 783 264 847 item
288 783 385 847 lratn'
411 783 506 848 Adae
530 784 574 847 de
601 783 742 848 Lincoln
766 783 808 848 de
830 783 948 848 ordine
970 784 1141 849 minorum
1169 784 1285 857 Ebor.,

183 887 263 952 item
298 888 395 952 fratri
432 887 581 952 Ricardo
616 888 659 952 de
695 888 905 973 Wetewang,
938 888 980 952 de
1014 889 1132 953 ordine
1169 887 1286 952 Sancti

183 991 361 1078 Augustini
378 992 422 1056 de
435 993 549 1067 Ebor.,
565 994 626 1077 qui
645 1013 763 1057 omnes
778 999 1045 1076 comparuerunt
1064 992 1288 1076 personaliter

182 1096 215 1161 in
252 1097 346 1161 dicto
383 1097 536 1171 concilio,
576 1098 765 1162 secundum
806 1098 953 1161 tonnam
992 1097 1198 1161 citationum
1238 1098 1287 1160 eis

183 1201 318 1267 iactam.

673 1367 788 1433 XVII.

180 1536 276 1601 Acm
298 1536 461 1600 Corcuu
487 1536 755 1601 Pnoruucrarrs.

213 1718 294 1781 Acta
463 1718 540 1802 Quo
551 1717 617 1794 die,
630 1718 789 1782 videlicet
803 1739 894 1783 nono
910 1717 965 1782 die
982 1718 1077 1801 Junii
1095 1718 1283 1803 praedict0,

200 1820 304 1905 pdmi
375 1822 515 1888 domino
542 1823 798 1908 archiepiscopo
831 1823 934 1888 Ebor.
969 1843 1038 1887 una
1071 1844 1149 1888 cum
1183 1823 1284 1887 dictis

211 1925 287 1992 diei.
374 1928 598 2012 suffraganeis
629 1927 699 1992 suis
732 1928 986 2012 pontificalibus
1017 1928 1147 1992 indutis
1178 1934 1212 1991 et
1250 1929 1284 1993 in

176 2030 268 2096 dicta
295 2033 396 2098 Ebor.
424 2033 563 2097 ecclesia
588 2033 622 2096 in
649 2033 728 2096 sede
760 2033 1039 2116 archiepiscopali
1071 2032 1281 2107 sedentibus,

177 2155 307 2201 necnon
329 2189 336 2201 .
360 2190 367 2202 .
391 2190 398 2202 .
420 2137 606 2201 abbatibus
623 2135 753 2201 Beatae
770 2137 897 2201 Mariae
911 2137 1013 2201 Ebot.
1029 2143 1063 2201 et
1083 2136 1126 2201 de
1146 2136 1281 2221 Seleby,

177 2260 256 2305 cum
274 2242 384 2306 mitris
405 2242 439 2305 in
466 2241 590 2325 capite,
611 2262 650 2305 ac
676 2239 750 2305 aliis
775 2241 956 2325 prioribus,
978 2241 1282 2324 archipresbyteris

177 2347 344 2429 exemptis
364 2353 398 2410 et
419 2366 488 2410 non
515 2346 694 2429 exemptis,
717 2345 762 2409 ad
791 2346 882 2410 idem
909 2345 1091 2409 concilium
1117 2346 1280 2424 evocatis,

178 2450 329 2514 vestibus
341 2450 609 2515 sacerdotalibus
622 2450 777 2514 similiter
789 2450 919 2514 indutis
932 2470 938 2524 ;
957 2449 1097 2513 domino
1109 2449 1282 2516 Richardo

176 2552 219 2617 de
242 2553 400 2629 Kellawe‚
420 2555 528 2619 electo
544 2554 703 2619 ecclesiae
727 2554 965 2619 Duuelmensis
986 2553 1199 2630 confirmato,
1222 2576 1283 2640 per

177 2657 316 2723 fratrem
347 2658 540 2723 Gallridum
574 2659 616 2722 de
652 2659 811 2742 Haxeby,
844 2659 1051 2722 monachum
1081 2661 1281 2724 monasterii

173 2762 411 2828 Duuelmensis
439 2783 555 2827 sacrae
585 2763 776 2848 theologiae
807 2762 994 2837 doctorem,
1024 2769 1280 2846 procuratorem

172 2886 283 2942 suum,
344 2867 484 2932 Decano
547 2868 717 2932 Ecclesiae
778 2868 880 2931 Ebor.
938 2873 972 2930 et
1030 2866 1280 2933 Archidiacono

173 2970 358 3056 Clyveland
381 2972 627 3056 personaliter;
663 2971 913 3036 Archidiacono
946 2971 1048 3035 Ebor.
1082 2990 1142 3055 per
1171 2970 1280 3036 domi-

172 3097 254 3141 uum
294 3076 500 3140 Willelmum
541 3075 582 3139 de
626 3076 812 3150 Cusannce,
854 3081 1111 3159 procuratorem
1152 3096 1277 3152 suum:

171 3181 419 3245 Archidiacono
444 3179 719 3265 Notinghamiae,
746 3199 806 3263 per
832 3180 1035 3265 magistrum
1067 3178 1278 3245 Richardum

171 3285 213 3349 de
235 3286 364 3369 Ermyn
386 3290 642 3369 procuratorem
661 3304 785 3359 suum;
811 3283 1062 3348 Archidiacono
1083 3281 1278 3368 Estridinge

171 3410 231 3473 per
265 3389 471 3455 Willelmum
506 3387 636 3452 Amald
672 3387 714 3451 de
751 3387 867 3451 Monte
903 3388 1009 3463 Sicco,
1046 3385 1277 3452 substitutum

172 3493 352 3558 Bertrandi
374 3494 416 3558 de
437 3493 547 3577 Rupe,
571 3498 807 3575 procuratores
829 3491 1033 3575 principales
1053 3490 1136 3555 dicti
1159 3490 1276 3556 Archi-

171 3598 327 3673 diaconi;
374 3598 625 3662 Archidiacono
673 3595 920 3680 Rychemunde
968 3615 1028 3679 per
1075 3594 1277 3679 magistrum

171 3703 389 3769 Franciscum
432 3703 474 3767 de
518 3701 621 3775 Luco,
665 3701 831 3765 vicarium
880 3699 1072 3786 generalem
1122 3699 1276 3782 ejusdem

170 3807 408 3872 Archidiaconi
422 3827 428 3882 ;
446 3806 659 3870 thesaurario
670 3805 828 3883 ecclesiae
840 3806 943 3870 Ebor.
957 3823 1017 3888 per
1028 3803 1223 3886 Johaunem
1235 3805 1277 3868 de.

171 3911 310 3987 Brabes,
328 3917 583 3996 procuratorem
599 3929 699 3974 suum
716 3930 722 3985 ;
748 3910 943 3994 praeposito
964 3908 1200 3973 Beverlacensi
1217 3929 1278 3993 per

170 4018 372 4099 magistrum
390 4015 613 4099 Radulphum
630 4014 673 4078 de
689 4014 859 4098 Anlagby,
878 4018 1135 4096 procuratorem
1151 4033 1253 4078 suum
1269 4033 1277 4090 ;

170 4120 419 4184 Archidiacono
454 4119 722 4183 Northumbriae
758 4117 1003 4201 personaliter;
1029 4116 1279 4182 Archidiacono

173 4223 395 4288 Duuelmensi
423 4243 483 4306 per
514 4222 717 4306 magistrum
741 4221 910 4285 Thomam
938 4220 980 4284 de
1006 4219 1094 4294 Hoo,
1120 4240 1279 4304 procura·

172 4337 281 4392 torem
301 4347 402 4392 suum
421 4326 612 4410 specialiter
629 4325 859 4391 constitutum
876 4344 882 4399 ;
908 4324 1072 4408 magistro
1088 4324 1221 4389 Thoma
1237 4325 1280 4390 de

171 4431 334 4518 clyfford,
354 4450 470 4497 sacrae
490 4429 679 4514 theologiae
697 4430 838 4495 doctore
854 4448 861 4505 ;
887 4428 1026 4493 Decano
1044 4428 1087 4493 de
1105 4427 1279 4507 Aukland,
