2918 5010
171 337 213 411 o8
559 339 732 404 Reconos
756 356 801 403 or
824 355 895 403 rua

173 533 316 597 remotis
344 541 479 617 agente,
508 532 666 596 salutem.
715 531 870 615 Qualiter
897 550 970 604 nos,
999 528 1042 593 de
1071 528 1294 594 avisamento

174 637 285 701 belnae
306 636 511 701 *memoriae
530 636 711 719 johannis
729 635 841 700 ultimi
862 633 1107 717 archiepiscopi
1129 633 1293 698 ecclesiae

177 741 405 824 parallelae*
443 760 482 804 ac
517 740 660 804 aliorum
702 739 945 823 praelatorum,
979 743 1221 821 magnatuum,
1259 743 1294 801 et

176 843 321 909 aliorum
344 845 387 908 de
408 844 550 909 consilio
572 853 701 919 nostro,
727 852 799 908 tam
822 863 885 927 pro
906 841 1126 926 expeditione
1148 861 1293 926 guerrae

176 958 325 1017 iilustrare.
359 969 398 1012 ae
438 948 566 1031 jurium
599 956 805 1022 nostrorum,
839 954 873 1011 et
908 966 1053 1010 coronae
1085 953 1225 1010 nostrae
1256 946 1292 1010 in

177 1052 335 1137 pertibus
378 1053 616 1117 transmarinis
661 1050 959 1135 [conservatione],
1003 1070 1109 1135 quam
1152 1056 1296 1134 propter

175 1157 401 1221 neaassuiam
419 1157 653 1221 defensionem
670 1157 763 1241 regni
782 1156 890 1220 nostri
907 1154 1061 1240 Angliae,
1080 1160 1114 1217 et
1131 1153 1294 1218 ecclesiae

176 1259 397 1343 anglimnae.
415 1260 638 1344 quamplures
661 1261 819 1324 dominos
839 1268 873 1323 et
898 1260 981 1323 alios
1002 1258 1118 1323 fideles
1135 1264 1170 1322 et
1188 1258 1295 1343 ligeos

175 1373 312 1428 neutros
341 1372 413 1427 tam
443 1364 533 1427 ultra
564 1384 657 1428 mare
687 1365 732 1428 ad
763 1371 882 1448 partes
912 1363 1160 1428 transmarinas
1188 1382 1296 1446 quam

177 1486 280 1550 supra
299 1487 393 1531 mare
410 1467 672 1541 destinavimus,
692 1489 754 1531 vos
771 1490 839 1532 non
857 1468 1028 1531 credimus
1045 1468 1224 1551 ignorare:
1251 1466 1295 1530 ad

177 1589 324 1654 qtuuum
339 1591 481 1635 onerum
494 1573 795 1655 supportationem
809 1574 939 1656 absque
953 1572 1129 1655 adjutorio
1142 1571 1295 1635 fidelium

179 1680 375 1738 nostrorum
407 1695 475 1738 non
508 1676 706 1748 sufficimus,
739 1677 827 1740 sicut
860 1677 964 1741 scitis.
1013 1675 1095 1748 NoS,
1129 1682 1168 1739 ut
1201 1674 1296 1739 dicta

177 1779 326 1861 negotia,
350 1799 440 1863 quae
467 1780 696 1845 salvationem
725 1788 798 1845 tam
828 1789 968 1845 sauctae
1000 1780 1160 1844 ecclesiae
1187 1799 1295 1864 quam

179 1885 271 1965 regni
306 1884 413 1947 nostri
449 1885 615 1968 praedicti
649 1893 817 1950 veraciter
849 1891 1071 1957 concemunt,
1115 1883 1298 1947 maturiori

179 1986 427 2053 deliberatione
445 1990 586 2055 valeant
606 1991 770 2075 expediri,
791 1991 889 2055 vobis
908 1991 942 2053 in
963 1989 1029 2053 fide
1047 1995 1082 2052 et
1101 1988 1296 2061 dilectione,

180 2091 308 2174 quibus
340 2094 440 2157 nobis
474 2096 649 2170 tenemini,
684 2097 838 2179 rogando
871 2095 1088 2168 mandamus,
1125 2100 1301 2177 quatenus

182 2196 328 2259 attentis
355 2204 428 2261 tam
455 2199 630 2264 arduitate
657 2201 872 2286 negotiorum
898 2199 1164 2284 praedictorum,
1192 2216 1299 2281 quam

182 2299 352 2382 periculis,
403 2324 493 2386 quae
543 2325 605 2387 pro
655 2305 792 2370 delectu
843 2303 1049 2369 detensionis
1099 2297 1300 2384 hujusmodi

184 2403 415 2470 verisimiliter
457 2409 592 2472 evenire
635 2416 785 2492 possent,
830 2410 1016 2493 episcopos,
1060 2407 1218 2477 decanos.
1263 2412 1297 2469 θῒ

185 2506 314 2590 priores
338 2511 557 2576 ecclesiarum
582 2514 843 2589 cathedralium,
869 2516 1014 2578 abbates
1038 2518 1072 2576 et
1098 2511 1237 2595 priores
1264 2516 1297 2573 et

186 2609 271 2674 alios
312 2613 486 2691 electivos,
529 2626 708 2701 exemptos
749 2626 783 2681 et
825 2640 893 2683 non
935 2624 1124 2700 exemptos,
1167 2634 1300 2678 necnon

188 2716 458 2793 archidiaconos,
480 2723 643 2804 capitula,
666 2731 867 2797 conventus,
890 2730 923 2786 et
945 2721 1096 2806 collegia,
1119 2726 1302 2802 totumque

188 2819 316 2884 elerum
358 2823 472 2888 dictae
511 2828 703 2891 dioeceseos
747 2829 942 2911 provinciae
983 2823 1217 2895 Eboracensis
1258 2821 1302 2885 ad

188 2928 459 3007 comparendum
505 2952 619 2996 coram
665 2933 763 2996 vobis
808 2934 840 2997 iu
887 2932 1025 2996 ecclesia
1070 2927 1164 2992 beati
1211 2927 1302 2990 Petri

192 3026 427 3109 Eboraceusis,
448 3036 503 3099 vel
523 3038 614 3112 alibi,
635 3046 748 3119 prout,
767 3044 830 3102 ete.

707 3205 798 3269 XLI.

275 3333 295 3392 l.
339 3335 415 3396 This
431 3340 512 3401 Writ
529 3343 562 3401 ol
577 3343 697 3422 Bishop
713 3343 865 3413 Hatfield,
885 3343 982 3402 dated
1002 3341 1077 3419 27th
1096 3337 1195 3417 April.
1218 3336 1305 3414 1378,

236 3428 260 3487 is
282 3431 375 3505 given
400 3453 433 3492 as
456 3437 599 3515 showing
621 3440 701 3510 how,
726 3440 816 3499 when
839 3438 1056 3498 Convocation
1080 3436 1142 3496 had
1167 3433 1264 3493 voted
1287 3451 1306 3491 a

237 3525 379 3605 subsidy,
407 3530 430 3589 it
458 3551 522 3591 was
548 3535 701 3594 collected
728 3536 758 3594 in
787 3536 840 3594 the
867 3535 1024 3593 Dioceses
1070 3533 1100 3591 It
1126 3529 1243 3591 should
1269 3530 1308 3587 be

238 3622 365 3682 uotieed
384 3626 455 3686 that
477 3629 540 3687 this
559 3638 634 3689 vote
652 3650 753 3690 seems
773 3639 806 3690 to
825 3631 907 3690 have
926 3632 1003 3688 been
1023 3629 1175 3707 specially
1193 3625 1307 3704 agreed

240 3726 283 3783 to.
324 3723 460 3801 perhaps
501 3724 761 3805 independently,
802 3728 845 3805 by
883 3728 937 3786 the
979 3727 1123 3785 Durham
1165 3729 1237 3801 part
1276 3721 1310 3781 ol

239 3815 467 3887 t'oruvuatiou,
491 3819 537 3878 lor
558 3821 580 3880 it
602 3841 675 3900 says
698 3824 768 3882 that
790 3823 813 3882 it
835 3823 898 3883 had
919 3824 996 3881 been
1017 3821 1151 3899 granted
1175 3821 1192 3843 ‘⁴
1210 3820 1253 3898 by
1273 3838 1309 3878 us

240 3913 303 3972 aud
318 3915 371 3973 tlre
383 3914 476 3972 other
488 3915 673 3991 dignitaries
686 3919 750 3977 and
762 3919 868 3997 elergy
880 3920 913 3978 oi
926 3938 983 3978 our
996 3919 1063 3996 city
1076 3917 1138 3976 and
1152 3914 1308 3975 diocese.''

282 4047 374 4122 luen
392 4048 544 4118 aliaeu,
565 4049 725 4123 launum,
744 4053 763 4112 t.
786 4054 842 4128 na
866 4056 909 4128 nr.

235 4185 432 4249 thomasio
476 4224 482 4322 1
595 4187 755 4263 Thomas,
804 4196 881 4265 etc,
924 4191 1049 4253 dilecto
1096 4189 1165 4251 tilio
1205 4187 1313 4250 Priori

213 4289 443 4357 adieruudmn
482 4290 667 4355 ecelesiae
709 4302 846 4358 nostrae
891 4294 1104 4358 (athedralis
1145 4290 1311 4356 Dunolm·

236 4394 430 4460 subsidium.
478 4341 483 4437 Ι
506 4395 606 4467 ensis,
626 4398 773 4460 salutem
792 4399 940 4481 gratiam
965 4406 999 4462 et
1024 4396 1310 4461 benedictionem.

276 4533 290 4562 ⁸
312 4532 343 4583 lu
357 4546 373 4579 a
387 4530 487 4580 tainter
500 4536 716 4600 contemporary
730 4534 805 4581 hand
820 4535 941 4585 inserted
955 4535 1045 4586 above
1059 4533 1106 4582 the
1120 4530 1180 4580 line.
