2918 5010
437 380 639 444 Nonrnrnn
671 379 941 443 Convocnrron

453 657 924 731 DOCUMENTS.

679 953 705 1017 Ι.

253 1108 273 1168 i.
316 1108 450 1182 Thouglr
463 1107 681 1167 Convocation
698 1116 817 1166 cannot
833 1107 952 1185 rightly
969 1106 1007 1166 be
1022 1105 1091 1166 said
1107 1114 1142 1165 to
1158 1105 1241 1165 bave

175 1203 252 1263 been
269 1204 299 1263 in
316 1203 475 1263 existence
491 1210 524 1262 at
540 1224 576 1263 so
592 1203 679 1282 early
695 1222 713 1263 a
729 1202 814 1271 date,
832 1203 887 1262 the
903 1202 1062 1280 following
1078 1201 1240 1272 Mandatc,

175 1299 277 1359 issued
302 1299 344 1377 by
367 1298 567 1376 Archbislrop
590 1299 754 1358 Wickwan
778 1298 809 1358 in
835 1315 922 1376 1270,
946 1298 1034 1377 gives
1057 1316 1094 1358 us
1117 1316 1136 1357 a
1158 1296 1242 1357 clear

174 1395 353 1473 expression
386 1395 419 1454 ol
450 1396 503 1455 the
533 1395 600 1455 lact
631 1395 665 1456 ol
699 1394 1017 1472 “representation”
1054 1393 1175 1472 though
1210 1392 1241 1452 in

175 1492 236 1551 this
261 1511 331 1550 ease
356 1492 380 1550 it
405 1510 469 1549 was
494 1491 745 1568 representation
771 1491 963 1569 apparently
987 1491 1030 1569 by
1056 1490 1109 1550 the
1133 1489 1241 1550 choice

173 1588 206 1646 ol
234 1588 466 1653 Archdeacoos,
497 1596 552 1646 not
583 1587 626 1666 by
655 1588 709 1646 the
739 1587 825 1663 body
853 1587 887 1645 ol
916 1587 970 1646 the
998 1586 1119 1664 Clergy.
1174 1585 1242 1645 The

173 1683 344 1742 document
374 1683 399 1742 is
428 1684 501 1742 licre
531 1682 657 1760 printed
687 1702 721 1742 as
751 1682 980 1760 adumbrating
1008 1682 1063 1741 the
1092 1681 1178 1740 birth
1208 1682 1242 1740 ol

173 1778 389 1838 Convocation
408 1779 438 1837 in
457 1779 510 1837 the
528 1778 688 1838 Northern
707 1778 882 1839 Province:
906 1777 971 1852 just
990 1797 1024 1836 as
1040 1776 1241 1854 Archbisbop

175 1875 388 1953 Kilwardby's
432 1875 584 1934 mandate
626 1875 657 1932 in
706 1890 784 1952 1277
830 1874 933 1933 shows
980 1874 1034 1933 the
1080 1892 1167 1932 same
1209 1872 1240 1932 in

175 1972 227 2031 tbe.
268 1973 424 2031 Seuthem
465 1971 627 2031 Provincc.
697 1970 763 2029 The
806 1970 919 2047 phrase
960 1969 1070 2037 below,
1114 1969 1240 2028 “unico

174 2067 271 2144 ipsius
293 2066 580 2126 Archidiaconatus
604 2067 734 2126 Decano
748 2065 766 2087 ”
791 2084 925 2144 appears
949 2074 984 2125 to
1006 2063 1145 2125 indicate
1168 2065 1240 2124 that

175 2164 262 2222 thore
285 2183 348 2222 was
372 2164 430 2224 but
458 2182 519 2223 one
550 2162 647 2222 Rural
678 2162 769 2221 Dean
800 2162 847 2221 lor
875 2161 953 2221 each
983 2161 1241 2239 Arcbdeaconry,

173 2260 243 2319 who
259 2259 322 2318 had
339 2278 379 2318 an
398 2258 544 2337 arr-officio
563 2258 700 2335 position
718 2257 750 2317 in
766 2256 845 2317 such
861 2256 996 2336 synodal
1015 2257 1132 2318 action.

131 2448 351 2513 convenius
372 2465 476 2513 cram
499 2465 568 2513 eno
588 2464 758 2513 suasnno
779 2464 850 2513 nn.
875 2448 1035 2532 1279-80.

210 2613 302 2693 [Reg.
318 2613 491 2683 Wickwan,
508 2613 615 2684 Ebor.‚
633 2614 654 2673 f.
672 2630 709 2674 11
725 2613 835 2690 dorso]¹

219 2785 407 2849 Willelmus
434 2785 654 2869 permissione
679 2784 799 2849 divina
824 2785 927 2850 Ebor.
957 2785 1241 2871 Archiepiscopus

130 2897 209 2965 etc,
244 2890 370 2954 dilecto
409 2890 444 2953 in
480 2889 615 2954 Christo
653 2888 722 2953 lilio
753 2889 1005 2956 Archidiacono
1040 2890 1239 2975 Clyveland¹

130 2995 288 3070 salutern,
325 3001 389 3059 etc.
438 2994 526 3079 Quia
561 2994 735 3060 communi
771 2994 1017 3061 deliberatione
1052 3000 1170 3060 nostra
1206 3002 1241 3060 et

130 3100 272 3184 capituli
297 3099 405 3164 nostri
431 3099 655 3164 Eboracensis
677 3099 899 3165 conformiter
922 3099 1042 3164 habita
1064 3099 1241 3183 provisum

131 3211 182 3269 est
212 3203 306 3289 quod
337 3203 481 3288 quilibet
513 3203 784 3268 Archidiaconus
815 3223 877 3288 pro
907 3202 1061 3268 subsidio
1092 3202 1242 3269 Domino

133 3309 216 3394 Regi
269 3307 425 3373 iaciendo
475 3329 555 3373 suos
605 3307 763 3373 subditos
809 3307 1027 3383 convocabit,
1075 3315 1159 3373 vota
1206 3315 1241 3373 et

131 3412 355 3479 liberalitates
375 3413 527 3496 ipsorum
547 3433 650 3497 super
669 3413 734 3478 hoc
754 3413 900 3478 attentis
920 3418 954 3477 et
975 3412 1104 3477 votivis
1124 3411 1242 3478 induc·

133 3518 283 3583 tionibus
302 3523 541 3592 scmtaturus;
568 3517 617 3583 ita
637 3517 731 3601 quod
751 3517 805 3582 die
822 3517 963 3582 Veneris
983 3517 1141 3602 proximo
1161 3521 1242 3582 ante

132 3622 257 3688 festum
294 3622 326 3687 S.
368 3621 598 3686 Scholasticae
639 3622 787 3708 Virginis
828 3625 883 3706 [10
923 3622 1034 3697 Febr„
1077 3621 1240 3706 1279-80]

130 3727 275 3811 quilibet
306 3726 577 3792 Archidiaconus
607 3748 686 3792 cum
716 3726 852 3792 duobus
882 3727 1005 3813 dignae
1036 3726 1242 3793 eminentiae

131 3831 222 3907 viris,
243 3838 278 3895 et
298 3831 398 3896 unico
418 3831 523 3915 ipsius
543 3830 842 3896 archidiaconatus
862 3831 1011 3905 Decano,
1031 3831 1130 3896 nobis
1149 3831 1243 3916 apud

132 3936 391 4001 Ponteiractum
439 3936 498 4000 ubi
545 3935 771 4021 personaliter
817 3935 953 4011 erimus,
1002 3935 1076 4000 Deo
1123 3936 1240 4013 dante,

131 4060 330 4126 responsum
342 4060 404 4123 pro
416 4041 667 4107 communitate
680 4040 788 4105 totius
800 4039 1099 4106 archidiaconatus
1111 4041 1217 4107 iaciat
1233 4061 1240 4117 ;

131 4144 237 4209 Vobis
257 4145 505 4210 denunciamus
531 4152 570 4209 ut
596 4145 707 4210 modis
727 4145 887 4211 omnibus
906 4145 940 4210 in
962 4145 1243 4211 archidiaconatu

131 4255 247 4314 vestro
278 4269 357 4314 cum
385 4255 547 4334 prompta
577 4248 753 4313 celeritate
783 4249 939 4314 similiter
969 4248 1060 4313 idem
1091 4249 1163 4324 liat,
1193 4249 1244 4314 ita

130 4355 224 4439 quod
255 4354 301 4420 ad
333 4354 592 4418 Ponteiractum
624 4371 825 4435 responsum
850 4352 885 4415 in
910 4352 1021 4416 forma
1045 4351 1244 4435 supradicta

133 4479 234 4544 super
264 4466 397 4544 quanto
428 4464 463 4521 et
493 4456 703 4543 quantitatis
733 4456 837 4522 modo
867 4454 1001 4540 plenius
1031 4455 1243 4534 habeamus;
