2918 5010
489 84 691 160 Nonrnaau
716 96 995 162 Convocarrou'!
1248 95 1291 176 oo

188 290 413 349 conterantur.
462 286 516 361 Et,
546 288 633 351 sicut
662 289 836 355 christiani
866 289 1035 372 principes
1061 310 1123 372 pro
1147 293 1288 353 aeterna

188 387 251 452 vita
286 389 508 472 pontificibus
538 399 572 454 et
604 394 838 458 sacerdotibus
869 394 1033 477 indigent,
1066 393 1113 458 sic
1146 412 1285 477 quoque

187 494 359 572 pontifices
389 515 449 576 pro
474 516 629 561 successu
659 518 771 562 rerum
798 499 1038 581 temporalium
1065 505 1099 561 et
1126 496 1285 561 ecclesiae

187 595 240 660 Dei
272 599 306 662 in
339 605 435 663 statu
466 602 677 665 orthodoxae
709 602 785 665 lidei
817 603 1072 677 conservandae
1104 621 1220 686 regum
1251 607 1285 664 et

185 699 426 785 imperatorum
470 707 672 787 opportunis
716 715 904 771 noscuntur
947 707 1082 771 auxiliis
1125 705 1284 791 indigere.

184 806 263 870 Sane
295 810 516 872 attendentes
548 811 641 893 quod
672 812 905 875 serenissimus
937 813 1094 895 princeps
1124 810 1285 875 dominus

182 921 290 975 noster
318 913 478 977 dominus
506 914 694 978 Edwardus
718 934 751 979 u.
774 933 805 979 s.
831 937 889 979 rex
912 916 1053 1000 Angliae
1076 915 1215 979 illustris
1239 914 1283 978 ad

181 1016 387 1099 repellendas
428 1019 607 1083 Scotorum
649 1020 862 1085 inimicorum
903 1041 1042 1085 suorum
1082 1019 1284 1104 capitalium

181 1130 333 1186 versutas
370 1123 520 1197 insidias,
559 1124 778 1209 ipsorumque
816 1125 966 1189 malitias
1007 1124 1212 1208 multiplices
1248 1130 1282 1187 et

178 1228 336 1299 notorias,
352 1228 414 1290 Dei
432 1228 616 1311 adjutorio,
632 1229 864 1311 reprimendas
876 1230 921 1293 ad
934 1234 1049 1312 partes
1067 1229 1202 1295 Scotiae
1221 1249 1282 1313 pro

178 1330 370 1395 delensioue
396 1333 487 1416 regni
510 1334 561 1397 sui
584 1340 618 1396 et
638 1333 797 1397 ecclesiae
819 1332 1026 1418 Anglicanae
1045 1355 1124 1399 cum
1143 1333 1281 1417 copiosa

176 1435 396 1500 multitudine
414 1445 625 1502 armatorum
644 1438 677 1501 in
696 1438 852 1520 proximo
870 1439 1030 1522 proponit
1047 1438 1189 1522 dirigere
1214 1438 1279 1501 iter

175 1560 295 1616 suum;
323 1541 462 1624 Nosque
483 1563 550 1605 una
570 1543 748 1606 vobiscum
769 1543 802 1605 in
822 1542 1049 1625 parliamento
1069 1542 1225 1626 proximo
1246 1542 1279 1606 in

173 1645 313 1710 civitate
328 1646 534 1710 Eboracensi
552 1647 671 1711 habito
687 1668 729 1710 ex
747 1653 844 1729 parte
857 1646 1011 1729 ejusdem
1023 1646 1152 1711 domini
1170 1646 1278 1711 nostri

176 1749 274 1834 Regis
296 1771 375 1814 cum
397 1771 521 1834 magna
544 1751 650 1815 simus
672 1751 837 1815 instantia
859 1751 1023 1834 requisiti,
1046 1752 1140 1835 quod
1161 1771 1223 1814 vos
1244 1756 1278 1815 et

173 1855 299 1919 clerum
317 1862 454 1919 nostrae
467 1856 658 1919 dioeceseos
674 1862 708 1918 et
726 1856 931 1938 provinciae,
945 1856 1004 1939 qui
1021 1855 1281 1940 propinquiores

172 1979 288 2024 sumus
317 1959 467 2043 periculo
494 1961 697 2035 imminenti,
723 1961 898 2025 efficaliter
924 1960 1137 2034 inducamus
1167 1966 1206 2024 ut
1234 1961 1279 2024 ab

143 2115 146 2122 .
172 2064 291 2128 eodem
322 2065 410 2127 clero
441 2065 504 2128 sibi
536 2086 577 2128 ex
609 2066 793 2149 praemissa
833 2086 936 2129 causa
973 2074 1171 2147 competens
1201 2065 1280 2130 sub·

172 2169 296 2233 sidium
339 2170 556 2244 concedatur,
599 2171 803 2234 necessitate
844 2171 995 2234 instante
1036 2190 1104 2234 non
1145 2169 1281 2235 modica

172 2281 385 2357 perurgente,
417 2275 511 2358 quod
538 2277 667 2358 absque
695 2275 949 2339 Convocatione
981 2276 1212 2359 praelatorum
1243 2281 1278 2338 et

171 2379 249 2442 cleri
273 2386 467 2443 nostrarum
490 2380 642 2443 civitatis
666 2386 700 2441 et
723 2380 913 2443 dioeceseos
935 2386 969 2443 et
992 2380 1188 2463 provinciae
1209 2400 1279 2445 non

172 2484 298 2566 poterit
315 2484 492 2567 adimpleri
510 2505 515 2546 :
551 2491 667 2547 tenore
684 2485 914 2566 praesentium
930 2506 991 2549 vos
1007 2486 1154 2550 citamus
1169 2490 1204 2548 et
1220 2505 1280 2568 per

171 2609 232 2651 vos
254 2589 400 2671 priorem
422 2589 579 2651 ecclesiae
601 2595 735 2652 vestrae
765 2589 1005 2653 Dunolmensis
1032 2597 1065 2653 et
1087 2589 1279 2673 capitulum

170 2693 324 2775 ejusdem
356 2715 435 2764 uno,
469 2693 645 2756 universos
677 2694 840 2765 Abbates,
873 2694 1002 2776 priores
1033 2696 1177 2759 abbates
1209 2714 1277 2759 non

171 2797 347 2871 habentes,
373 2806 551 2880 exemptos
578 2805 611 2860 et
639 2818 707 2861 non
735 2803 923 2880 exemptos,
953 2798 1171 2882 ipsorumque
1198 2818 1278 2862 con·

171 2910 340 2966 ventuum
369 2902 645 2975 Archidiaconos
676 2902 832 2965 Decanos
861 2901 966 2965 etiam
994 2907 1027 2964 et
1060 2901 1277 2985 Praepositos

172 3008 389 3071 ecclesiarum
405 3005 672 3091 collegiatarum,
691 3027 822 3071 necnon
839 3005 990 3089 capitula
1007 3005 1084 3088 ipsa,
1097 3011 1279 3090 totumque

172 3113 309 3184 clerum,
344 3112 406 3174 viz.
440 3111 593 3175 civitatis
624 3118 658 3175 ot
690 3112 890 3186 dioeceseos,
923 3110 1020 3174 citari
1052 3109 1211 3174 volumus
1243 3117 1277 3175 et

172 3216 387 3289 mandamus,
425 3223 597 3299 quatenus
638 3237 710 3288 vos,
754 3217 917 3290 Abbates,
957 3215 1098 3289 Priores,
1136 3213 1277 3290 Decani,

173 3321 411 3385 archidiaconi
448 3327 482 3384 ct
523 3321 711 3404 Praepositi
750 3321 980 3403 personaliter,
1017 3326 1209 3384 conventus
1243 3324 1277 3382 et

172 3426 323 3510 capitula
354 3447 393 3489 ac
423 3426 571 3510 l‘ollcgia
600 3426 732 3508 singula
762 3445 822 3509 per
850 3432 1087 3508 procuratores
1115 3423 1278 3509 singulos,

173 3532 348 3615 clerusque
372 3530 555 3613 cujuslibet
580 3529 886 3594 Arclridiaconatus
910 3535 1103 3594 vestrarum
1127 3527 1280 3593 civitatis

173 3642 205 3698 ct
224 3636 405 3699 Dioceseos
422 3655 481 3718 per
497 3635 583 3698 duos
600 3641 836 3717 procuratores
853 3634 1005 3721 ydoneos
1021 3640 1055 3698 et
1072 3632 1279 3699 sufficienter

171 3739 356 3803 instructos
376 3760 415 3802 ac
440 3739 575 3822 plenam
595 3745 629 3801 et
649 3738 873 3803 sufficientem
898 3744 1107 3821 potestatem
1126 3739 1171 3802 ab
1196 3737 1277 3821 ipsis

170 3845 408 3918 conventibus,
438 3843 607 3925 capitulis,
637 3842 794 3926 collegiis,
831 3864 870 3906 ac
907 3843 996 3906 clero
1032 3844 1208 3916 habentes,
1245 3841 1279 3905 in

172 3948 311 4012 ccclesia
334 3956 452 4012 nostra
478 3948 682 4011 liboracensi
708 3947 741 4010 in
766 3948 898 4011 octabis
922 3946 954 4011 S.
980 3947 1100 4012 Hilarii
1125 3944 1281 4031 proxime

173 4054 297 4117 tuturis
336 4052 564 4136 compareatis
604 4058 637 4114 et
678 4059 899 4135 compareant
940 4071 1056 4117 coram
1096 4051 1196 4117 nobis
1235 4050 1281 4115 ad

175 4159 395 4223 tractandum
433 4158 466 4221 in
500 4156 593 4219 dicta
630 4156 886 4220 Convocatione
922 4156 1101 4223 nobiscum
1136 4162 1170 4221 et
1207 4174 1288 4221 cum
