2962 5002
492 371 696 438 Noarnanu
721 370 989 438 CONVOCATION.
1230 386 1293 452 345

267 561 359 638 [Reg.
377 560 569 638 Courtenay,
588 560 750 631 Cantuar.,
769 561 790 620 l.
810 578 868 637 332
889 563 931 635 al.

280 722 321 787 ln
340 723 404 787 Dei
422 722 570 798 nomine,
590 723 710 787 Amen.

275 888 346 953 Nos
391 888 579 953 Willelmus
624 888 844 972 permissione
889 888 1006 953 divina
1051 888 1294 952 Cantuarensis

185 993 479 1077 Archiepiscopus,
517 992 624 1057 totius
658 992 800 1077 Angliae
839 993 977 1075 primas,
1014 999 1048 1056 et
1088 992 1295 1076 apostolicae

185 1097 274 1161 sedis
297 1096 441 1181 legatus,
466 1104 501 1161 et
529 1096 600 1160 Nos
623 1096 772 1160 Thomas
799 1097 919 1161 eadem
945 1097 1164 1181 permissione
1191 1097 1295 1160 Ebor.

186 1201 479 1285 Archiepiscopus,
523 1200 664 1284 Angliae
705 1201 833 1283 primas
878 1209 913 1265 et
959 1201 1166 1285 apostolicae
1207 1199 1296 1264 sedis

186 1304 346 1389 Legatus,
372 1310 606 1388 protestamur
632 1304 767 1388 publice
794 1311 829 1369 et
857 1325 1014 1389 expresse
1045 1326 1106 1389 pro
1137 1304 1235 1368 nobis
1261 1309 1295 1367 et

187 1409 409 1493 suffraganeis
430 1410 554 1473 nostris
575 1430 614 1473 ac
635 1415 711 1473 toto
727 1410 816 1474 clero
832 1416 1029 1475 nostrarum
1050 1408 1293 1474 cantuarensis

187 1520 221 1576 et
240 1514 464 1577 Eboracensis
483 1514 747 1596 provinciarum,
766 1515 860 1598 quod
884 1515 1043 1579 nolumus
1065 1535 1127 1578 nec
1149 1512 1295 1577 intendi-

187 1638 264 1681 mus
283 1617 383 1681 alicui
402 1623 537 1681 statuto
557 1618 590 1680 in
611 1618 781 1701 praesenti
802 1618 1030 1702 parliamento
1049 1639 1139 1682 nunc
1159 1617 1295 1682 noviter

187 1721 291 1796 edit0,
314 1742 376 1785 nec
397 1721 541 1805 antiquo
563 1727 744 1804 praetenso
766 1722 942 1797 innovato,
966 1730 1137 1806 quatenus
1158 1727 1293 1785 statuta

188 1825 385 1909 hujusmodi
405 1846 465 1889 seu
486 1846 602 1890 eorum
624 1826 764 1909 aliquod
785 1827 819 1890 in
841 1827 1089 1891 restrictionem
1110 1827 1293 1910 potestatis

187 1931 394 2015 apostolicae
436 1938 497 1994 aut
539 1931 573 1993 in
614 1930 882 2004 subversionem,
925 1930 1192 2004 enervationem,
1234 1950 1294 1993 seu

187 2035 443 2119 derogationem
489 2035 735 2099 ecclesiasticae
782 2034 951 2098 libertatis
997 2035 1135 2098 tendere
1181 2034 1293 2098 dinos-

187 2147 322 2215 cuntur,
347 2139 606 2225 quomodolibet
634 2140 847 2215 consentire;
880 2140 939 2203 sed
967 2140 1077 2203 eidem
1105 2138 1293 2213 dissentire,

188 2245 381 2320 reclamare,
407 2251 440 2308 et
469 2244 711 2319 contradicere,
737 2265 776 2308 ac
802 2244 1032 2318 dissentimus,
1058 2243 1293 2317 reclamamus,

188 2357 222 2413 et
237 2349 504 2414 contradicimus
520 2348 554 2412 in
569 2348 622 2411 his
636 2348 781 2432 scriptis,
798 2354 901 2433 prout
916 2368 1049 2432 semper
1063 2348 1293 2422 dissensimus

188 2453 460 2528 reclamavimus
490 2459 524 2517 et
551 2451 823 2546 contradiximus
852 2453 1064 2536 temporibus
1092 2455 1293 2529 retroactis;

189 2565 223 2621 et
236 2558 385 2642 petimus
398 2557 491 2642 quod
508 2557 543 2620 hi
559 2556 666 2622 nostri
682 2556 864 2632 dissensus,
879 2558 1094 2640 protestatio
1109 2564 1144 2623 et
1160 2564 1295 2623 contra·

189 2661 294 2726 dictio
319 2682 379 2745 per
400 2662 559 2727 clericum
584 2660 801 2745 parliamenti
826 2661 1050 2727 irrotulentur
1074 2663 1109 2727 in
1133 2662 1236 2727 fidem
1261 2668 1296 2726 et

191 2767 425 2831 testimonium
446 2786 574 2830 eorum.

583 2907 724 2971 Hallum
744 2959 861 2973 .....
881 2909 1047 2975 interluit.

189 3099 353 3164 Pnorssr
370 3115 418 3161 ΒΥ
436 3115 507 3162 rna
524 3098 778 3162 Ancnssrsnors
795 3115 871 3162 Ano
889 3099 1177 3167 Convocnnons.
1198 3121 1292 3185 1390.

189 3252 381 3317 Proteslatio
396 3251 526 3394 factal
641 3251 901 3317 Memorandum
937 3253 1031 3337 quod
1066 3254 1120 3319 die
1157 3256 1296 3320 Veneris

188 3363 246 3440 per
261 3356 433 3420 dominum
448 3355 485 3418 in
506 3398 519 3516 l
552 3355 674 3420 ultimo
698 3355 752 3419 die
776 3357 901 3420 mensis
924 3358 1020 3422 Febr.
1048 3375 1119 3424 no.
1147 3360 1296 3442 1389-90

219 3460 446 3544 parliamento.
553 3459 745 3524 lndictione
780 3460 856 3524 xiii⁰
884 3462 1055 3545 pontificis
1089 3464 1295 3528 sanctissimi

186 3565 220 3629 in
237 3565 372 3629 Christo
389 3564 497 3648 patris
513 3571 548 3628 et
565 3564 695 3628 domini
710 3565 819 3629 nostri
837 3566 975 3630 Domini
993 3567 1161 3632 Bonilacii
1177 3567 1295 3633 diuina

185 3668 403 3752 providentia
431 3669 544 3751 Papae
571 3668 652 3731 noni
678 3689 769 3733 anno
793 3670 913 3753 primo,
940 3672 973 3735 in
998 3672 1140 3737 Camera
1164 3672 1293 3736 domini

187 3773 324 3837 Ricardi
369 3773 471 3856 Regis
513 3771 656 3857 Angliae
699 3774 792 3857 apud
835 3775 1189 3852 westmonasterium,
1234 3778 1293 3841 ubi

185 3877 451 3960 parliamentum
477 3883 679 3941 consuetum
705 3886 756 3942 est
783 3880 900 3956 teneri,
927 3887 1031 3964 prout
1056 3882 1185 3947 ibidem
1210 3888 1293 3948 tunc

185 3981 300 4056 fiebat,
331 3982 500 4046 Dominus
527 4002 676 4047 unacum
704 3982 968 4069 Archiepiscopo
997 3986 1205 4051 Eboracensi
1232 4007 1294 4070 pro

185 4107 219 4149 se
258 4086 396 4170 suisque
434 4086 657 4170 suffraganeis
686 4093 720 4151 et
749 4088 838 4153 clero
871 4089 905 4153 in
938 4089 1040 4173 pleno
1068 4091 1296 4174 parliamento

184 4210 299 4253 coram
320 4189 414 4253 dicto
434 4189 575 4253 domino
597 4188 699 4274 Rege,
721 4197 757 4255 et
778 4193 812 4257 in
833 4195 1026 4277 praesentia
1047 4194 1293 4259 venerabilium

186 4301 325 4376 patrum
339 4293 557 4357 dominorum
572 4292 716 4357 Roberti
729 4296 937 4373 Londoniae,
953 4299 1112 4364 Willelmi
1125 4298 1294 4382 Wynton-

186 4403 286 4478 ensis
305 4401 504 4466 Cancellarii
521 4400 674 4487 Angliae,
693 4400 835 4465 Walteri
854 4402 1106 4478 Dunolmensis,
1124 4403 1294 4487 Johannis
