2918 5010
430 377 635 444 Nonrnanu
659 378 928 445 Convocarrou.
1169 393 1233 459 343

649 584 708 648 VI.

127 723 156 785 A
182 723 325 787 Lsrrnn
351 741 447 788 rnou
474 725 600 789 Peme
624 742 669 789 ra
695 725 781 800 Bar,
808 725 908 790 ch
932 743 977 790 or
1002 725 1162 799 Francis,
1188 740 1233 788 ro

213 828 448 893 Ancuarsuoe
472 828 707 905 Gnsuararb,
726 847 948 895 naseacrmr,
968 847 1040 894 rna
1056 828 1170 894 Tmar
1187 845 1232 892 or

213 950 284 996 rua
307 931 511 997 Tenemus.

245 1095 312 1157 The
334 1096 444 1156 Letter
465 1095 490 1157 is
513 1103 569 1156 not
592 1096 714 1158 dated:
740 1099 766 1158 it
789 1103 875 1159 must
899 1098 981 1159 have
1004 1097 1083 1158 been
1105 1096 1232 1157 written

165 1191 277 1251 within
295 1192 348 1251 the
365 1211 455 1270 years
473 1192 662 1267 1308-1310.

210 1349 392 1423 lGrenefeld
412 1349 499 1426 Reg.‚
520 1350 545 1419 l,
565 1350 585 1409 f.
607 1351 689 1427 178].

215 1498 403 1582 Philippus,
429 1498 491 1562 Dei
514 1499 625 1582 gratia
649 1499 817 1564 Franciae·
836 1500 910 1565 Rex
934 1500 1120 1565 venerabili
1143 1499 1234 1584 patri

126 1602 251 1666 dilecto
271 1603 370 1666 nobis
390 1602 423 1665 in
444 1602 579 1666 Christo
599 1603 753 1686 ejusdem
773 1605 884 1688 gratia
906 1658 912 1670 .
937 1657 942 1670 .
967 1658 973 1670 .
997 1658 1003 1670 .
1026 1604 1233 1669 Eboracensi

126 1706 390 1789 Archiepiscopo
425 1706 572 1770 salutem
607 1713 641 1770 et
678 1709 798 1773 unicae
833 1709 1024 1773 dilectionis
1057 1708 1232 1773 affectum.

127 1809 271 1873 Noverit
303 1817 418 1874 vestra
449 1810 626 1875 sinceritas
658 1812 806 1896 qualiter
837 1813 889 1876 his
921 1813 1041 1877 diebus
1074 1811 1236 1895 Magister

126 1914 234 1979 totius
276 1913 413 1978 Ordinis
455 1913 587 1999 Templi
627 1921 661 1979 et
705 1916 868 1981 Franciae
913 1923 947 1981 et
990 1916 1235 1982 ultramarinae

127 2018 157 2082 N
160 2019 358 2083 ormanniae
370 2019 578 2103 Aquitaniae
590 2026 624 2083 et
638 2020 814 2085 Pictaviae
826 2027 1063 2105 praeceptores
1074 2020 1233 2104 majores,

126 2143 257 2187 necnon
295 2124 446 2188 maxima
483 2124 672 2188 multitudo
708 2126 854 2190 fratrum
892 2125 1029 2200 ordinis,
1067 2125 1095 2187 si
1132 2124 1235 2188 debet

126 2227 220 2292 Ordo
246 2228 322 2303 dici,
349 2228 406 2291 alii
431 2229 464 2292 in
490 2229 695 2293 sanctissimi
721 2230 830 2313 patris
854 2229 979 2294 summi
1003 2228 1175 2313 pontificis
1200 2236 1234 2292 et

127 2331 359 2396 Cardinalium
389 2332 542 2397 omnium
567 2334 771 2416 praesentia,
797 2334 853 2398 alii
882 2354 998 2398 coram
1027 2333 1235 2418 quibusdam

127 2436 365 2502 Cardinalibus
380 2437 425 2500 ad
441 2437 578 2500 eosdem
595 2458 655 2520 per
669 2438 785 2502 sedem
801 2438 1025 2521 apostolicam
1041 2437 1233 2513 destinatis,

127 2549 161 2606 et
186 2541 242 2605 alii
267 2561 382 2605 coram
406 2541 678 2625 Archiepiscopis
706 2542 885 2626 Episcopis
913 2549 947 2605 et
976 2541 1235 2626 inquisitoribus

128 2646 318 2710 haereticae
348 2644 542 2729 pravitatis,
568 2666 676 2729 poene
704 2647 738 2710 in
769 2647 927 2711 omnibus
955 2647 1112 2730 partibus
1143 2647 1235 2731 regni

128 2750 235 2814 nostri
258 2749 476 2833 singulariter
499 2771 539 2814 ac
561 2757 684 2833 sponte
707 2757 742 2815 et
766 2752 895 2835 absquo
919 2757 1045 2815 terrore
1068 2749 1236 2835 cujusque

127 2862 162 2918 et
184 2854 370 2928 coactione,
393 2854 542 2937 qualiter
563 2862 644 2918 sunt
666 2856 810 2919 confessi
832 2855 926 2939 quod
948 2861 999 2919 est
1022 2855 1235 2921 consuetudo

127 2958 210 3022 dicti
234 2958 382 3033 Ordinis,
410 2959 515 3023 immo
540 2959 624 3042 juris
652 3011 835 3024 ......
863 2959 956 3043 quod
983 2960 1016 3023 in
1043 2960 1236 3043 receptione

126 3062 308 3146 cujuslibet
333 3063 393 3146 qui
418 3063 580 3146 recipitur
602 3063 774 3127 Christum
799 3064 958 3147 abnegat,
977 3083 1080 3146 supra
1101 3083 1236 3129 crucem

126 3187 214 3251 quae
239 3166 348 3229 eidem
377 3166 571 3230 ostenditur
598 3167 690 3250 spuit
717 3167 751 3231 in
775 3167 985 3250 vituperium
1009 3167 1171 3243 crucifixi,
1191 3168 1235 3232 ad

127 3270 237 3335 multa
280 3270 406 3335 scelera
449 3278 484 3334 et
527 3271 670 3335 crimina
714 3270 932 3334 detestabilia
977 3270 1113 3335 inimica
1157 3271 1236 3335 fidei

127 3375 340 3439 Christianae
383 3382 417 3438 et
460 3375 658 3458 hujusmodi
700 3374 993 3439 disconvenientia
1035 3374 1159 3439 rationi
1200 3397 1236 3441 se

127 3478 292 3563 obligant,
313 3486 347 3542 et
366 3499 406 3542 ea
425 3480 635 3562 promittunt
655 3478 823 3562 complere
840 3498 847 3553 ;
881 3484 1021 3562 propter
1038 3499 1127 3562 quae
1147 3479 1238 3546 idem

126 3604 281 3648 summus
309 3583 464 3666 pontifex
493 3589 636 3667 urgente
664 3583 776 3647 adhuc
804 3582 951 3647 eundem
979 3582 1090 3646 officio
1117 3583 1237 3650 debito

127 3688 291 3772 pastorali
324 3687 504 3751 mandavit
536 3688 627 3771 ipsos
658 3688 702 3751 ab
734 3688 893 3751 omnibus
924 3687 1048 3751 Christi
1080 3687 1237 3755 fidelibus

127 3799 295 3876 tanquam
324 3792 512 3856 haereticos
536 3799 570 3855 et
594 3791 636 3856 de
661 3792 789 3856 haeresi
814 3791 1035 3856 vehementer
1059 3800 1237 3877 suspectos

127 3897 255 3980 ubique
276 3902 443 3960 terrarum
464 3896 592 3960 arctius
611 3895 744 3960 evitari.
793 3895 998 3960 Mandamus
1017 3896 1237 3963 nihilominus

128 4021 185 4065 eos
212 4001 288 4085 capi
317 4022 356 4065 ac
384 4021 444 4084 per
472 4021 533 4064 vos
560 4007 595 4063 et
619 3999 703 4063 alios
727 4000 878 4066 locorum
903 4000 1092 4065 ordinarios
1116 4008 1237 4066 contra

127 4107 219 4189 ipsos
236 4106 294 4189 qui
314 4106 413 4168 aliter
431 4105 617 4188 praemissa
635 4125 703 4168 non
721 4111 802 4169 sunt
820 4105 964 4169 confessi
983 4104 1025 4168 de
1043 4107 1237 4188 praemissis

128 4210 263 4293 inquiri,
322 4208 461 4293 Nosque
500 4208 770 4273 desiderabiliter
805 4210 1008 4273 affectantes
1049 4215 1121 4274 tam
1162 4211 1237 4274 hor-

128 4313 311 4378 rendorum
337 4313 519 4376 criminum
544 4319 578 4375 et
605 4313 832 4378 nefandorum
858 4314 1047 4378 haeresium
1073 4315 1167 4379 virus
1192 4315 1237 4379 ad

128 4417 265 4483 laudem
283 4415 465 4481 Christiani
483 4417 630 4482 nominis
646 4425 681 4484 et
698 4420 861 4483 honorem
879 4418 1024 4483 Sanctae
1041 4419 1237 4486 Catholicae
