2962 5002
185 405 249 469 ²14
570 382 743 449 Reconus
767 399 812 447 or
836 398 907 446 rur

186 577 441 643 Convocatione
472 582 678 661 praesentes,
712 581 746 638 et
778 595 959 639 numerum
992 573 1089 637 xlivor
1122 574 1298 646 facientes,

184 703 332 767 quorum
352 681 495 766 quidam
515 681 620 744 etiam
640 679 870 743 exhibuerunt
890 678 1125 762 procuratorio
1144 677 1300 763 quinque

186 786 240 850 vel
262 807 321 849 sex
344 786 576 869 praelatorum
598 790 632 847 et
655 783 745 858 cleri,
771 783 907 848 duobus
933 782 1107 846 duntaxat
1133 781 1297 866 exceptis,

186 891 401 955 affirmarunt
426 890 503 953 “Se
526 888 651 953 sentire
671 909 713 951 ex
736 886 921 971 propositis
940 892 974 949 et
995 886 1158 950 exhibitis
1181 905 1300 950 coram

186 995 234 1058 eis
263 994 297 1059 in
326 992 580 1057 convocatione
608 991 785 1076 praedicta
813 991 984 1055 carnalem
1017 990 1176 1074 copulam
1210 990 1301 1054 inter

187 1097 320 1162 dictum
352 1097 619 1161 illustrissimum
651 1095 840 1180 principem
871 1094 1061 1159 Arthumrn
1094 1101 1128 1159 et
1159 1093 1300 1158 serenis·

187 1202 311 1266 simam
343 1201 520 1265 dominam
552 1200 773 1264 Catherinam
804 1198 981 1283 quondam
1012 1198 1087 1282 ejus
1118 1197 1301 1282 conjugem

189 1305 292 1369 luisse
312 1310 347 1368 et
367 1324 438 1368 esse
458 1304 666 1368 sufficienter
685 1302 904 1387 probatam.''

277 1447 383 1511 Prout
400 1466 442 1509 ex
461 1446 547 1509 actis
563 1444 785 1528 originalibus
801 1444 834 1508 in
852 1444 972 1508 eadem
990 1444 1244 1509 Convocatione
1267 1450 1302 1508 et

190 1551 289 1616 nobis
320 1549 464 1614 notariis
495 1549 641 1632 publicis
671 1547 874 1632 subscriptis
905 1548 1143 1632 praesentibus
1173 1548 1303 1612 habitis

188 1660 223 1718 et
261 1653 361 1717 tactis
397 1652 579 1717 manifeste
614 1651 723 1736 liquet
759 1657 793 1715 et
830 1659 983 1735 apparet.
1032 1653 1141 1736 Super
1174 1651 1303 1736 quibus

189 1758 350 1822 omnibus
375 1765 408 1821 et
434 1756 575 1842 singulis
601 1755 799 1841 praedictus
820 1755 984 1841 magister
1009 1755 1199 1821 Rollandus
1224 1755 1302 1831 Lee,

190 1861 327 1926 nomine
364 1882 434 1946 quo
471 1881 575 1945 supra
612 1881 675 1925 nos
711 1859 864 1924 notarios
900 1860 1055 1943 publicos
1091 1859 1305 1943 subscriptos

190 1987 298 2031 unum
317 1966 371 2029 vel
389 1966 498 2049 plura,
518 1964 694 2049 publicum
712 1984 772 2028 seu
790 1964 927 2047 publica
945 1964 1213 2029 instrumentum
1231 1964 1304 2028 sive

191 2070 422 2135 instrumenta
441 2068 565 2133 exinde
584 2068 750 2133 conficere
769 2065 958 2151 requisivit.

279 2211 368 2276 Acta
396 2212 535 2275 fuerunt
564 2211 647 2275 haec
675 2209 791 2274 omnia
819 2216 854 2272 et
882 2210 1026 2294 singula,
1055 2217 1158 2294 prout
1186 2230 1305 2294 supra-

191 2316 389 2380 scribuntur
417 2321 451 2378 et
483 2315 681 2389 recitantur,
712 2314 776 2378 sub
805 2333 896 2377 anno
926 2314 1074 2388 Domini,
1106 2314 1304 2390 indictione,

193 2419 410 2504 pontificatu,
440 2439 555 2483 mense
584 2417 638 2483 die
666 2424 701 2482 et
729 2417 804 2482 loco
832 2416 1036 2500 praedictis:
1067 2418 1306 2501 praesentibus

194 2530 277 2587 tunc
307 2522 443 2587 ibidem.
494 2521 664 2606 Magistris
694 2521 873 2586 Leonardo
902 2521 1104 2597 Horseman,
1133 2522 1235 2597 A.M.,
1265 2544 1306 2587 ac

194 2626 326 2691 Thomu
355 2626 542 2700 Farrihere‚
571 2625 703 2700 B.C.L.,
731 2625 877 2689 testibus
899 2626 942 2689 ad
965 2626 1150 2709 praemissa
1172 2627 1306 2690 vocatis

194 2729 387 2814 specialiter
405 2735 439 2793 et
461 2729 599 2813 rogatis.

283 2859 328 2923 Et
370 2879 432 2944 ego
471 2859 650 2923 Tristanus
689 2858 807 2932 Teshe,
848 2859 1072 2923 Eboracensis
1113 2860 1305 2924 dioeceseos

195 2962 352 3047 publicus
371 2961 579 3027 auctoritate
599 2961 787 3045 apostolica
806 2962 971 3037 notarius,
991 2964 1073 3046 quia
1092 2964 1307 3048 requisitioni

194 3072 229 3130 et
265 3066 422 3151 petitioni
460 3066 542 3130 dicti
578 3064 702 3151 egregii
738 3064 801 3128 viri
838 3066 991 3150 magistri
1029 3067 1189 3131 Rollandi
1226 3068 1303 3144 Lee,

192 3170 537 3256 supradictommque
576 3169 888 3234 commissariorum
925 3171 996 3232 sive
1034 3171 1305 3254 praesidentium

192 3276 366 3340 mandatis
389 3282 423 3339 et
447 3275 649 3359 praeceptis,
674 3294 806 3337 necnon
830 3282 985 3338 actorum
1009 3275 1235 3359 originalium,
1260 3276 1304 3341 de

190 3380 317 3465 quibus
336 3399 440 3462 supra
460 3379 498 3442 fit
519 3378 658 3451 mentio,
680 3377 844 3441 scrutinio
864 3378 1074 3462 caeterisque
1094 3380 1299 3463 praemissis,

191 3483 274 3548 dum
301 3483 359 3558 sic,
388 3489 426 3548 ut
453 3482 698 3567 praemittitur,
727 3482 791 3544 sub
818 3502 908 3544 anno
936 3482 1085 3556 Domini,
1114 3483 1301 3548 indictione

191 3587 408 3671 pontificatu,
437 3606 562 3660 mense,
592 3585 645 3648 die
673 3591 707 3646 et
735 3584 809 3647 loco
836 3585 1020 3667 praedictis
1047 3588 1239 3671 agebantur
1266 3594 1301 3652 et

192 3691 332 3764 fiebant,
364 3711 432 3754 una
461 3710 539 3753 cum
570 3687 839 3771 praenominatis
869 3688 1026 3763 testibus,
1057 3690 1115 3773 qui
1147 3697 1301 3775 ternpore

191 3793 421 3878 requisitionis
475 3800 509 3855 et
564 3791 741 3874 petitionis
795 3791 1050 3874 praedictarum
1104 3802 1301 3877 praesentes

192 3898 341 3971 fuerunt,
372 3916 532 3979 praesens
561 3895 784 3978 personaliter
814 3896 953 3960 interlui
982 3918 1090 3982 eaque
1120 3900 1237 3962 omnia
1266 3905 1300 3962 et

189 4001 322 4085 singula
351 4000 398 4064 sic
427 4000 498 4063 lieri
527 3999 608 4073 vidi,
639 3998 768 4072 audivi,
797 4007 831 4062 et
862 4000 1042 4064 inactitavi
1059 4023 1065 4077 ;
1105 4003 1209 4087 igitur
1237 4004 1302 4068 boc

190 4125 350 4191 praesens
391 4104 567 4188 publicum
609 4103 877 4167 instrumentum
919 4125 1024 4169 manu
1066 4106 1206 4170 alterius
1248 4128 1302 4171 rne

190 4208 327 4275 aliunde
348 4214 517 4292 occupato
538 4207 684 4270 fideliter
704 4206 870 4289 scripturn
891 4208 1083 4293 exindeque
1104 4211 1301 4276 coniectum

188 4313 373 4400 publicavi,
401 4317 436 4375 et
463 4311 496 4375 in
525 4312 613 4375 hanc
640 4308 814 4394 publicam
841 4311 987 4376 turmam
1016 4314 1195 4379 redactum
1222 4317 1302 4379 sub-

188 4417 318 4503 scripsi,
353 4437 393 4482 ac
427 4416 524 4503 signo
557 4422 592 4480 et
626 4415 764 4481 nomine
799 4414 881 4479 meis
915 4416 1024 4480 solitis
1058 4424 1093 4481 et
1128 4420 1303 4484 consuetis
