2918 5010
221 376 286 443 116
608 379 784 445 Rncouus
805 397 852 444 or
874 395 947 444 me

219 570 408 637 Postmodo
434 594 527 647 vero,
561 574 649 637 sicut
682 573 838 636 exhibita
868 573 969 636 nobis
983 592 1109 655 .nuper
1137 591 1202 655 pru
1232 580 1331 656 parte

218 675 390 742 dictorum
413 678 534 761 prioris
553 690 588 740 et
609 677 753 760 capituli
775 678 899 760 petitio
918 677 1134 749 continebat,
1154 677 1332 760 praelatae

218 781 379 846 ecclesiae
427 782 523 846 dicto
570 782 720 865 Collegio
767 781 940 846 dictarum
989 781 1167 862 literarum
1216 782 1332 866 rigore

220 886 458 970 incorporatae
480 888 599 950 unitae
620 899 654 949 et
677 906 833 950 annexae
856 887 1005 951 inerant.
1028 886 1164 969 ipsique
1185 886 1280 968 prior
1298 892 1333 947 et

218 990 410 1074 capitulum
423 1011 530 1055 unum
544 992 691 1073 priorem
703 989 786 1053 dicti
799 989 938 1074 (ollegii
949 1009 992 1052 ex
1005 1009 1150 1052 numero
1160 989 1333 1053 dictomm

219 1102 300 1157 octo
320 1096 579 1163 monacbomm.
600 1096 659 1179 qui
680 1095 825 1157 caeteris
846 1114 910 1176 pro
930 1106 1085 1176 tempore
1106 1092 1335 1157 residentibus

220 1208 366 1282 praeest,
386 1199 600 1282 deputarunt
627 1199 795 1262 hactenus
820 1210 854 1261 et
879 1197 1050 1280 deputant
1075 1196 1119 1260 de
1147 1198 1333 1281 praesenti.

219 1301 305 1367 Cum
324 1312 454 1376 autern,
472 1304 561 1367 sicut
578 1303 699 1367 eadem
718 1304 843 1386 petitio
858 1302 1105 1385 subjungebat,
1124 1303 1336 1365 venerabiles

221 1406 343 1471 iratres
377 1408 484 1471 nostri
519 1407 796 1489 archiepiscopus
832 1406 1057 1470 Eboracensis
1091 1417 1126 1468 et
1155 1406 1336 1489 episcopus

205 1509 465 1591 ,Lincolniensis
492 1511 526 1575 in
554 1530 702 1595 quorum
730 1510 944 1574 dioecesibus
971 1510 1132 1573 ecclesiae
1164 1511 1268 1593 ipsae.
1297 1518 1336 1574 ut

220 1615 423 1700 praefertur,
451 1614 658 1690 consistunt,
688 1616 836 1697 priorem
866 1614 1066 1696 hujusmodi
1095 1613 1246 1697 collegii,
1275 1614 1335 1699 qui

220 1728 272 1784 est
305 1739 368 1804 pro
399 1728 564 1804 tempore,
598 1728 637 1784 ut
671 1720 704 1783 in
737 1719 879 1802 sinodis
908 1739 1081 1783 unacum
1108 1718 1183 1782 aliis
1206 1719 1336 1783 clericis

220 1845 360 1890 suarum
391 1824 575 1889 civitatum
607 1824 807 1906 hujusmodi
838 1823 1031 1886 dioeceseos
1063 1843 1124 1906 per
1153 1824 1245 1907 ipsos
1275 1843 1337 1908 pro

221 1938 376 2014 tempore
416 1929 583 2004 tenendis,
625 1929 853 2012 personaliter
893 1929 1039 1999 intersit,
1082 1928 1336 2010 praedictamm

219 2034 438 2099 ecclesiarum
462 2034 595 2099 ratione
617 2039 752 2097 arctent
777 2038 811 2095 et
836 2033 1041 2115 astringant.
1069 2032 1335 2117 praefatumque

221 2136 407 2225 Collegium
440 2140 485 2202 ab
519 2138 725 2203 Eboracensi
757 2144 791 2200 et
826 2136 1053 2200 Liucolniensi
1086 2137 1235 2199 ecclesiis
1267 2157 1335 2201 non

221 2243 394 2309 modicum
423 2243 540 2317 distet,
571 2243 711 2327 ipseque
742 2241 836 2325 prior
863 2240 1061 2324 hujusmodi
1092 2239 1235 2325 collegii
1267 2261 1336 2305 non

220 2347 293 2411 sine
311 2347 475 2431 gravibus
494 2347 669 2411 laboribus
687 2354 722 2410 et
742 2345 900 2428 expensis
920 2345 1030 2428 possit
1049 2344 1177 2409 eisdem
1196 2344 1337 2427 synodis

221 2450 446 2535 personaliter
486 2450 649 2514 interesse
664 2470 672 2524 ;
710 2469 772 2533 pro
814 2458 912 2533 parte
955 2449 1076 2532 prioris
1117 2456 1150 2512 et
1192 2449 1336 2533 capituli

221 2553 381 2618 ecclesiae
405 2553 647 2617 Dunelmensis
670 2552 924 2636 praedictorum
949 2552 1048 2615 nobis
1072 2552 1137 2616 luit
1161 2552 1338 2618 humiliter

221 2656 465 2741 supplicatum,
490 2663 528 2720 ut
552 2656 633 2739 ipsis
655 2664 689 2719 et
712 2656 864 2739 personis
886 2655 1023 2739 Collegii
1046 2656 1213 2738 praedicti
1234 2678 1337 2742 super

221 2762 283 2825 hoc
324 2760 502 2844 providere
541 2760 583 2824 de
623 2761 835 2844 benignitate
875 2761 1063 2843 apostolica
1102 2759 1333 2844 dignaremur,

221 2863 291 2928 Nos
313 2864 428 2948 itaque
450 2864 646 2947 hujusmodi
667 2863 978 2947 supplicationibus
999 2864 1162 2935 inclinati,
1185 2866 1333 2929 auctori·

221 2975 293 3032 tate
321 2968 510 3052 apostolica
540 2960 657 3032 tenore
686 2969 919 3052 praesentium
947 2967 1137 3032 statuimus
1165 2977 1198 3032 et
1228 2970 1334 3034 etiam

220 3072 428 3147 ordinamus,
452 3073 546 3157 quod
569 3073 729 3157 deinceps
756 3074 931 3156 perpetuis
964 3072 1088 3136 laturis
1120 3074 1334 3157 temporibus

220 3177 311 3260 prior
342 3177 559 3241 ecclesiarum
594 3178 833 3242 Dunelmensis
865 3178 918 3240 vel
950 3176 1087 3259 Collegii
1120 3176 1332 3260 hujusmodi,

219 3282 277 3366 qui
301 3302 362 3364 pro
387 3289 539 3364 tempore
564 3282 677 3356 fuerit,
702 3289 762 3345 aut
788 3280 911 3364 aliquis
936 3301 976 3343 ex
1000 3300 1153 3363 personis
1174 3281 1334 3345 ecclesiae

217 3385 270 3448 vel
318 3385 454 3468 Collegii
502 3385 756 3469 praedictorum
804 3384 848 3448 ad
896 3384 1168 3467 comparendum
1215 3405 1332 3449 coram

218 3488 473 3571 archiepiscopo
490 3488 542 3552 vel
561 3489 721 3572 episcopo
738 3488 913 3571 praefatis
931 3509 990 3552 scu
1009 3489 1053 3552 ab
1070 3489 1118 3551 eis
1135 3495 1196 3553 aut
1214 3489 1332 3575 aliquo

220 3592 370 3674 ipsorum
389 3591 589 3674 deputando
607 3593 659 3655 vcl
676 3591 895 3675 deputandis
915 3593 946 3655 in
964 3592 1105 3675 synodis
1121 3592 1331 3675 hujusmodi,

219 3714 276 3756 sou
299 3694 383 3756 alias
405 3702 558 3777 tempore
580 3695 820 3760 visitationum
842 3703 901 3759 aut
925 3695 1222 3760 Convocationum
1244 3697 1331 3762 Cleri

219 3796 415 3879 hujusmodi
460 3818 599 3863 suarum
642 3800 827 3863 civitatum
870 3807 904 3862 et
947 3800 1153 3864 dioecesium
1198 3802 1330 3865 ratione

218 3898 388 3965 ‹lirlarum
410 3901 637 3975 ecclesiarum,
659 3902 848 3968 dummodo
867 3903 901 3966 id
922 3924 982 3986 per
1000 3910 1257 3987 procuratorem
1278 3905 1333 3970 vel

220 4013 456 4087 procuratores
479 4005 640 4070 idoneum
663 4008 717 4070 vel
741 4007 881 4071 idoneos
903 4008 1097 4091 suppleant,
1121 4028 1329 4093 comparere,

219 4115 277 4171 aul
324 4109 464 4191 synodis
510 4109 560 4172 vel
607 4111 866 4176 visitationibus
910 4119 971 4177 aut
1016 4112 1332 4178 Convocationibus

219 4211 416 4292 lurjusmodi
444 4213 605 4277 interesse
632 4216 856 4297 personaliter
881 4216 1021 4280 minime
1047 4224 1241 4293 teneantur,
1269 4238 1331 4282 nec

218 4316 261 4381 ad
286 4315 318 4380 id
343 4316 441 4381 iuviti
464 4337 524 4400 por
545 4319 837 4402 archiepiscopum
860 4329 920 4383 aut
944 4321 1142 4404 episcopum
1164 4342 1224 4386 seu
1247 4323 1331 4386 alios

216 4422 340 4511 (pravis
375 4422 583 4490 auctoritate
623 4423 792 4500 suffultos,
837 4424 975 4488 valeant
1015 4427 1206 4502 coarctari;
1260 4448 1328 4494 uun
