2918 5010
477 388 682 453 Nonrrrenu
707 385 978 453 Convocnrrou.
1223 405 1287 471 aro

171 579 341 663 plerisque
352 581 482 664 absque
494 579 959 664 periculoulliusoflendiculi
970 565 1286 663 positavideantur,

171 684 252 746 mihi
281 693 396 748 tamen
426 685 628 769 recogitanti
654 684 916 768 quodquidam
944 705 1053 768 nuper
1079 686 1122 749 de
1146 684 1287 749 crimine

171 788 346 851 haereseos
358 790 508 872 suspecti
522 795 556 852 et
568 788 718 872 impetiti
732 789 855 858 horum
867 791 1050 853 verborum
1061 810 1199 854 sensum
1212 809 1286 873 per-

172 913 268 955 verse
291 893 477 976 capientes,
501 893 738 977 episcoporum
762 913 902 956 suorum
925 893 1092 976 judicium
1116 893 1286 957 declinare

171 997 284 1061 conati
302 1004 396 1072 sunt,
415 998 567 1081 apertius
583 997 827 1081 distinguenda
843 1003 877 1061 et
894 997 1054 1081 ponenda
1071 1019 1110 1062 ea
1123 997 1287 1062 videntur

170 1121 258 1184 quae
271 1104 335 1165 sub
349 1102 400 1164 his
414 1102 530 1164 verbis
546 1101 673 1164 includi
689 1107 844 1184 possunt,
859 1101 923 1165 viz.
939 1107 979 1166 ut
993 1102 1021 1164 si
1037 1122 1098 1185 per
1109 1123 1149 1166 ea
1162 1101 1285 1165 intelli-

170 1214 272 1288 gatur
287 1206 381 1289 quod
399 1205 473 1268 Rex
490 1206 534 1268 sit
555 1211 633 1289 post
655 1205 829 1269 Christum
847 1225 1045 1289 supremum
1066 1207 1158 1291 regni
1179 1206 1229 1270 sui
1251 1213 1285 1270 et

171 1309 248 1373 cleri
259 1310 435 1392 Anglicani
447 1310 480 1373 in
491 1309 677 1373 terreniset
688 1309 1286 1393 temporalibuscaput‚sicutrevera

170 1420 232 1487 est,
249 1420 283 1476 et
298 1434 416 1477 omnes
431 1413 712 1498 recognoscimus
729 1414 776 1477 sic
791 1413 835 1477 ad
852 1413 1033 1478 vitandam
1053 1414 1282 1499 malignorum

173 1517 493 1600 interpretationem
525 1517 749 1600 exprimenda
780 1523 860 1581 sunt
892 1519 1008 1592 verba,
1040 1539 1083 1581 ne
1114 1519 1148 1582 in
1179 1518 1286 1583 alium

173 1642 310 1685 sensum
323 1623 367 1685 ab
379 1622 559 1684 haereticis
571 1622 764 1685 trahantur.
813 1622 845 1685 Si
860 1642 940 1685 vero
952 1642 1013 1705 per
1023 1643 1063 1686 ea
1074 1623 1286 1708 intelligatur

173 1726 383 1800 indistincte,
408 1732 510 1809 prout
533 1728 639 1789 verba
661 1732 797 1800 sonant,
821 1726 915 1809 quod
939 1726 1013 1789 Rex
1036 1733 1109 1791 tam
1132 1727 1166 1792 in
1188 1727 1285 1810 spiri-

173 1830 326 1894 tualibus
346 1851 453 1914 quam
474 1831 508 1893 in
530 1831 672 1893 terrenis
692 1837 726 1893 et
747 1830 995 1912 temporalibus
1014 1831 1058 1894 sit
1080 1831 1285 1914 Supremum

173 1934 334 1998 ecclesiae
367 1935 490 2017 Caput,
524 1941 558 1997 et
591 1934 684 2018 quod
717 1934 766 1997 ita
799 1934 897 1997 licere
929 1955 989 2017 per
1020 1934 1144 1998 Christi
1177 1935 1285 2020 legem

174 2039 373 2113 affirmetur,
409 2038 498 2102 sicut
531 2038 760 2122 malignantes
793 2037 935 2122 quidam
969 2038 1026 2101 illa
1060 2040 1165 2103 verba
1201 2039 1283 2122 (scil.

173 2149 332 2225 q'uuuturu
353 2149 411 2225 per
431 2142 556 2206 Christi
575 2143 674 2226 legem
693 2142 776 2220 licet)
800 2148 969 2226 tanquam
989 2143 1153 2206 assertive
1173 2143 1286 2227 posita

173 2268 293 2330 capere
309 2247 481 2321 videntur,
499 2247 581 2330 quia
597 2247 650 2310 hic
665 2267 783 2310 sensus
799 2267 877 2310 cum
897 2247 1069 2310 sententia
1090 2247 1286 2312 Catholicae

174 2352 334 2415 ecclesiae
365 2352 504 2415 videtur
533 2372 600 2414 non
632 2350 825 2425 convenire,
857 2350 982 2414 idcirco
1012 2352 1057 2415 ab
1087 2351 1286 2435 hujusmodi

173 2457 355 2531 sententia,
382 2456 496 2519 verbis
519 2456 566 2519 sic
591 2454 773 2519 intellectis
797 2462 831 2520 et
855 2455 986 2539 positis,
1012 2477 1054 2520 ne
1078 2457 1123 2520 ab
1146 2456 1287 2521 ecclesia

174 2560 361 2635 Catholica,
404 2567 502 2624 extra
542 2580 648 2644 quam
688 2560 816 2623 nemini
857 2560 1051 2624 Christiano
1092 2567 1143 2624 est
1184 2561 1286 2637 salus,

174 2665 353 2728 dissentire
376 2665 504 2738 videor,
529 2685 685 2748 expresse
708 2665 882 2728 dissentio
931 2665 977 2728 Et
998 2665 1080 2748 quia
1103 2667 1208 2729 verba
1230 2665 1288 2729 illa

177 2771 234 2850 (sc.
254 2776 414 2851 quantum
433 2775 491 2851 per
510 2768 635 2832 Christi
652 2769 751 2852 legem
768 2769 852 2850 licet)
874 2769 1006 2832 saniore
1031 2769 1206 2834 intellectu
1228 2790 1288 2853 per

177 2874 271 2942 alios,
287 2880 454 2957 tanquam
468 2872 652 2936 limitative
664 2880 725 2937 aut
739 2873 929 2936 restrictive
942 2873 1065 2956 posita,
1080 2881 1264 2939 sumuntur
1279 2895 1286 2950 ;

176 2978 257 3061 quia
283 2984 398 3040 tamen
422 2977 622 3061 ambiguum
646 2977 842 3060 relinquunt
864 2977 948 3060 quid
970 2978 1071 3042 liceat
1093 2999 1153 3061 per
1180 2979 1288 3063 legem

176 3081 322 3155 Christi;
349 3087 383 3144 et
409 3082 441 3144 in
468 3101 536 3143 uno
560 3101 672 3155 sensu,
698 3076 727 3144 si
750 3080 791 3143 de
816 3081 958 3144 terrenis
982 3089 1016 3145 et
1041 3083 1289 3166 temporalibus

176 3185 422 3269 intelligantur,
453 3184 526 3248 Rex
554 3192 633 3268 post
660 3184 834 3248 Christum
860 3185 904 3247 sit
932 3185 1136 3269 Supremum
1164 3187 1287 3271 Caput,

178 3297 298 3373 utpote
319 3291 378 3373 qui
399 3290 443 3353 sit
464 3287 565 3373 super
586 3309 713 3363 omnes,
732 3295 766 3352 et
783 3309 853 3372 quo
872 3309 940 3352 non
960 3289 1004 3352 sit
1021 3289 1107 3353 alius
1123 3291 1287 3374 superior,

177 3415 254 3458 cum
273 3395 337 3457 hoc
355 3393 456 3457 liceat
474 3415 534 3477 per
551 3394 658 3477 legem
677 3392 802 3456 Christi
818 3412 824 3467 ;
850 3392 877 3455 si
896 3412 976 3455 vero
994 3392 1036 3456 de
1053 3394 1289 3476 spiritualibus

178 3499 414 3582 intelligantur
444 3520 483 3561 ea
515 3498 631 3570 verba,
665 3497 739 3559 Rex
771 3517 838 3559 non
867 3496 911 3558 sit
942 3495 1148 3590 Supremum
1175 3499 1286 3583 Caput

178 3603 348 3677 ecclesiae,
366 3623 443 3666 cum
462 3603 526 3666 hoc
543 3622 603 3686 per
619 3600 743 3664 Christi
761 3600 868 3684 legem
885 3621 953 3664 non
970 3600 1071 3665 liceat
1088 3621 1093 3675 ;
1120 3601 1166 3667 Et
1182 3605 1288 3669 verba

178 3707 283 3770 etiarn
317 3706 373 3770 illa
409 3709 465 3784 (sc.
495 3706 696 3789 Supremam
728 3702 837 3787 Caput
869 3704 1029 3787 ccclesiae)
1063 3707 1288 3791 multiplicem

178 3831 314 3874 sensum
341 3811 466 3874 habere
494 3817 648 3894 possunt,
674 3830 781 3874 unum
810 3808 843 3872 in
871 3809 1117 3892 spiritualibus
1143 3810 1289 3877 alterum

180 3915 212 3978 in
241 3915 498 3997 temporalibus,
528 3915 669 3978 tertium
698 3921 770 3977 tam
798 3913 832 3976 in
860 3914 1095 3996 spiritualibus
1121 3936 1227 3999 quam
1254 3917 1289 3982 in

179 4018 438 4102 temporalibus,
466 4026 500 4082 et
528 4018 572 4081 ad
599 4018 870 4101 propositionem
896 4018 1122 4101 multiplicem
1148 4040 1218 4085 non
1244 4022 1289 4086 sit

179 4124 294 4187 danda
305 4122 449 4205 simplex
461 4123 635 4205 responsio
648 4142 654 4197 ;
669 4143 708 4186 ea
720 4127 869 4205 propter,
883 4143 924 4185 ne
936 4123 1065 4205 pusillis
1076 4101 1289 4190 occasioneln

179 4229 301 4292 demus
340 4227 503 4301 scandali,
545 4227 639 4310 quod
679 4226 833 4289 Christus
873 4245 991 4288 omnes
1030 4228 1141 4291 vitare
1180 4229 1288 4311 jubet,

180 4333 288 4415 magis
314 4337 431 4414 aperte
458 4330 702 4394 declarandum
728 4329 898 4402 existimo,
925 4328 1019 4412 quod
1038 4350 1175 4395 ornnem
1195 4333 1291 4398 illum

180 4437 394 4500 mundanum
423 4442 457 4498 et
485 4442 658 4499 terrenum
685 4436 849 4498 honorem
877 4433 987 4519 regiae
1013 4433 1189 4517 majestati
1212 4458 1291 4502 cum
