2918 5010
176 356 238 402 110
564 338 736 404 Recolens
760 358 805 405 or
829 358 900 405 rua

174 530 329 595 Decanos
370 538 404 595 et
436 532 562 615 priores
593 533 811 597 ecclesiarum
845 532 1102 598 cathedralium
1132 535 1288 599 Abbates

172 642 206 698 et
262 636 394 699 Priores
447 644 481 699 et
534 637 617 700 alios
672 637 844 709 electivos
900 644 1079 721 exemptos
1133 646 1167 703 et
1218 661 1287 704 non

172 744 361 824 exemptos,
389 761 521 804 necnon
547 740 815 805 Archidiaconos
840 741 1000 825 Capitula
1026 742 1227 808 Conventus
1253 754 1287 808 et

172 842 317 928 Collegia
354 851 536 929 totumque
568 845 695 909 clerum
727 844 908 928 cujuslibet
944 845 1136 910 dioeceseos
1168 848 1284 912 dictae

173 947 369 1030 provinciae
404 948 449 1012 ad
483 948 753 1032 comparendum
789 969 903 1013 coram
939 950 1038 1013 nobis
1075 951 1108 1014 in
1144 951 1286 1016 ecclesia

173 1052 265 1116 beati
292 1053 382 1116 Petri
408 1053 632 1117 Eboracensis
655 1053 708 1116 vel
730 1053 809 1116 alibi
831 1062 933 1136 prout
951 1054 1112 1138 expedire
1128 1056 1287 1120 videritis

173 1157 217 1219 ad
239 1158 429 1220 breviorem
450 1157 541 1221 diem
561 1178 664 1241 quem
687 1158 844 1240 poteritis
865 1178 959 1221 more
980 1158 1082 1223 solito
1103 1161 1286 1224 convocari

173 1261 317 1333 faciatis,
343 1268 376 1325 et
401 1262 448 1324 eis
471 1261 572 1325 dictis
594 1262 739 1344 negotiis
763 1283 802 1326 ac
831 1263 989 1345 periculis
1007 1262 1134 1327 ibidem
1152 1264 1287 1347 plenius

172 1366 336 1448 expositis
364 1371 398 1429 et
427 1365 609 1429 declaratis
637 1367 728 1448 ipsos
756 1366 800 1429 ad
828 1367 1020 1431 subsidium
1049 1368 1082 1431 iu
1112 1368 1176 1432 hoc
1204 1390 1287 1433 casu

172 1475 370 1552 competens
399 1476 432 1532 et
462 1469 689 1532 necessarium
720 1470 753 1533 in
783 1472 1083 1553 supportationem
1112 1472 1286 1537 dictorum

171 1594 312 1636 onerum
339 1581 372 1637 et
399 1579 602 1656 sumptuum
630 1573 727 1637 nobis
753 1574 1021 1648 concedendum,
1043 1596 1083 1639 co
1103 1577 1287 1659 specialius

171 1685 204 1741 et
229 1698 307 1741 cum
332 1677 480 1742 efficacia
504 1697 572 1761 qua
598 1678 707 1761 magis
730 1678 898 1743 sciveritis
922 1679 976 1743 vel
1002 1681 1159 1763 poteritis
1185 1688 1285 1746 tanta

171 1784 374 1847 necessitate
398 1790 562 1847 causante
586 1782 768 1855 inducatis,
794 1791 827 1847 et
856 1790 972 1866 partes
995 1792 1129 1848 vestras
1153 1785 1197 1849 ad
1222 1787 1286 1850 boc

171 1887 397 1952 effectualiter
434 1887 628 1971 apponatis,
668 1907 729 1950 nos
767 1887 800 1950 in
839 1887 1047 1951 Cancellaria
1086 1896 1204 1953 nostra
1243 1890 1285 1954 dc

171 1993 370 2076 quantitate
385 1992 527 2056 subsidii
543 1992 633 2055 illius
649 2013 688 2056 ac
704 1991 745 2055 de.
762 1991 916 2055 terminis
932 1992 1111 2056 solutionis
1127 1993 1283 2077 ejusdcm

170 2097 408 2162 certificantes.
457 2098 502 2161 Et
528 2098 591 2160 boc
615 2097 703 2160 sicut
729 2116 790 2158 nos
814 2103 848 2158 et
873 2096 1036 2160 honorem
1061 2104 1218 2162 nostrum
1244 2121 1284 2163 ac

170 2201 397 2266 salvationem
411 2208 444 2265 et
458 2200 689 2264 defensionem
703 2201 863 2264 ecclesiae
875 2208 909 2263 et
923 2201 1015 2284 regni
1028 2201 1284 2284 praedictorum

171 2306 310 2389 diligitis
347 2306 544 2370 nullatenus
581 2304 762 2368 omittatis.
821 2305 922 2367 ‘leste
969 2325 1023 2368 me
1070 2306 1143 2389 ipso
1190 2308 1284 2390 apud

171 2410 514 2475 westmonasterium
548 2407 697 2471 secundo
731 2408 785 2471 die
820 2408 1028 2479 Decembris.
1063 2431 1154 2474 auno
1188 2412 1281 2495 regni

171 2516 277 2580 nostri
318 2515 429 2578 tertio.
478 2512 549 2575 Nos
587 2533 668 2576 vero
706 2512 861 2576 volentes
899 2533 1001 2596 super
1038 2516 1210 2579 contentis
1248 2517 1282 2580 in

171 2619 327 2706 praelato
352 2619 445 2681 brevi
479 2618 564 2697 regis
596 2624 629 2680 et
662 2617 736 2679 aliis
768 2618 871 2680 variis
907 2619 1051 2701 negotiis
1084 2626 1216 2683 statum
1248 2628 1282 2685 et

172 2726 364 2790 libertatem
408 2722 567 2785 ecclesiae
610 2728 642 2784 et
690 2720 767 2783 cleri
812 2729 1006 2785 nostrarum
1053 2723 1206 2787 civitatis
1249 2732 1281 2789 et

171 2832 361 2897 dioeceseos
381 2834 412 2890 et
438 2826 632 2910 provinciae
653 2827 1282 2901 summeconcernentibus,vobiscum

172 2944 205 3001 et
233 2956 308 3000 eum
338 2932 410 2996 aliis
438 2930 599 3014 praelatis
621 2928 792 2992 dictarum
815 2938 1009 2994 nostrarum
1032 2931 1224 2996 dioeceseos
1247 2942 1281 2996 et

173 3040 365 3131 provinciae
394 3036 486 3119 apud
520 3035 713 3098 Eboracum
746 3034 866 3098 diebus
899 3035 1124 3119 infrascriptis
1156 3038 1282 3101 habere

173 3145 377 3231 colloquium
416 3148 449 3204 et
491 3146 680 3202 tractatum
720 3146 752 3201 ct
793 3159 832 3201 eo
871 3146 1055 3222 praetextu
1102 3141 1282 3206 consilium

172 3262 325 3323 nostrum
355 3243 561 3332 provinciale
591 3244 826 3307 ordinavimus
856 3243 983 3307 ibidem
1014 3253 1096 3308 tuuc
1126 3266 1187 3328 per
1217 3247 1278 3310 Dei

172 3360 315 3451 gratiam
331 3348 581 3418 celebrandum.
597 3369 658 3409 vos
672 3355 788 3410 tenore
803 3349 1034 3431 praesentium
1049 3353 1279 3433 peremptorie

178 3470 331 3537 citamus,
349 3468 382 3524 et
401 3476 459 3542 per
477 3474 538 3516 vos
557 3452 702 3534 pricuem
716 3453 875 3515 ecclesiae
889 3461 1024 3516 vestrae
1041 3454 1282 3519 Dunolmeusis

179 3584 211 3645 et
244 3566 436 3657 Capitulum
469 3556 633 3642 ejusdem,
669 3576 786 3618 omnes
819 3565 852 3618 et
887 3557 1038 3640 singulos
1063 3558 1217 3621 Abbates
1245 3570 1279 3623 et

182 3683 309 3752 Priores
339 3669 496 3739 electivos
529 3661 682 3725 Abbates
716 3661 870 3742 proprios
903 3682 970 3724 non
1001 3663 1177 3733 habentes,
1208 3671 1281 3728 tam

184 3792 354 3873 exemptos
375 3793 477 3865 quam
501 3789 568 3834 non
591 3771 779 3846 exemptos.
804 3785 934 3828 necnon
958 3765 1105 3829 decanos
1128 3774 1161 3830 et
1185 3788 1281 3850 prae·

189 3897 312 3989 positos
323 3883 531 3955 ecclesiarum
545 3870 800 3953 collegiatarum
815 3879 846 3931 et
864 3870 1130 3934 archidiaconos
1146 3881 1281 3935 vestrae

193 4006 371 4073 dioeceseos
397 3998 611 4078 quoscunque
642 3982 824 4057 totumque
852 3975 978 4037 clerum
1006 3975 1159 4057 ejusdem
1189 3975 1281 4039 dioe-

197 4128 313 4179 (ἥρω,
335 4110 404 4169 tam
426 4093 594 4183 promotos
617 4099 721 4166 quam
747 4098 813 4141 non
841 4086 1027 4160 promotos,
1055 4080 1141 4143 iutra
1166 4101 1280 4144 sacros

203 4216 328 4287 ordines
370 4200 575 4274 constitutos,
621 4204 750 4252 necuou
798 4182 989 4247 advocatos
1039 4194 1279 4266 procuratores

208 4320 356 4395 Notarios
379 4331 443 4381 non
466 4300 658 4389 conjugatos
684 4287 780 4355 citari
809 4287 968 4349 volumus
995 4298 1028 4349 et
1058 4288 1274 4359 mandamus,

215 4438 371 4521 «ruatibus
397 4438 455 4485 vos
481 4405 616 4479 Domine
648 4395 813 4484 Episcopo
852 4390 1086 4476 praedictique
1122 4393 1280 4456 abbates
