2918 5010
476 374 681 439 Noarnrnn
706 373 975 441 Convocnrrou.
1222 392 1284 456 123

180 567 328 644 decanos,
353 575 386 632 et
409 569 537 652 priores
558 568 778 632 ecclesiarum
799 566 1061 642 cathedralium,
1084 569 1229 632 abbates
1250 574 1285 632 et

179 675 301 758 priores
333 680 367 737 et
399 674 483 737 alios
518 673 691 747 electivo5,
724 679 903 756 exemptos
938 679 971 736 et
1003 694 1072 737 non
1103 680 1283 757 exemptos

176 798 303 844 necnon
336 778 604 852 archidiaconos
634 778 797 861 capitula,
831 784 1033 852 conventus
1066 784 1100 841 et
1133 777 1285 863 collegia,

177 888 355 966 totumque
371 884 499 947 clerum
516 882 700 965 cujuslibet
717 882 909 946 dioeceseos
926 903 1007 947 suae
1027 883 1224 966 provinciae
1241 882 1286 947 ad

175 987 440 1072 comparendum
460 1008 576 1052 coram
596 1008 636 1050 eo
656 988 690 1051 in
710 987 850 1051 ecclesia
870 987 1059 1051 cathedrali
1080 988 1172 1052 beati
1193 988 1286 1052 Petri

176 1092 274 1156 Ebur.
299 1092 354 1155 vel
377 1092 468 1165 alibi,
495 1098 598 1175 prout
621 1091 780 1175 expedire
804 1091 947 1166 videret,
974 1092 1018 1156 ad
1040 1098 1173 1157 certum
1195 1092 1286 1156 diem

173 1195 243 1279 jam
260 1197 497 1281 praeteritum,
516 1196 698 1260 convocari
715 1197 862 1271 laceret;
897 1203 931 1260 et
949 1197 1040 1280 ipsos
1056 1198 1090 1262 in
1107 1198 1172 1262 hac
1188 1203 1287 1281 parte

174 1322 331 1365 excausa
344 1301 522 1384 praedicta
536 1301 579 1364 ad
593 1300 784 1365 subsidium
798 1308 997 1385 competens
1011 1309 1045 1366 et
1058 1302 1287 1367 necessarium

137 1407 138 1412 ’
175 1406 207 1470 in
228 1406 529 1489 supportationem
551 1406 723 1469 dictorum
745 1426 886 1470 onerum
909 1407 1007 1470 nobis
1028 1407 1286 1472 concedendum

173 1532 210 1576 eo
236 1511 419 1594 specialius
445 1517 479 1573 et
506 1509 685 1583 efficacius,
713 1531 782 1593 quo
810 1511 917 1595 magis
943 1512 1044 1576 sciret
1070 1519 1131 1577 aut
1158 1519 1284 1596 posset,

172 1616 301 1680 solicite
334 1615 533 1688 induceret;
559 1621 592 1677 et
622 1621 738 1697 partes
767 1636 846 1679 suas
875 1615 920 1679 ad
949 1617 1013 1680 hoc
1042 1616 1223 1701 diligenter
1250 1624 1285 1680 et

171 1721 397 1785 effectualiter
421 1727 632 1804 apponeret;
659 1726 692 1783 et
718 1740 780 1782 nos
805 1720 839 1782 in
865 1719 1074 1783 Cancellaria
1099 1728 1218 1784 nostra
1242 1720 1285 1784 de

172 1827 370 1909 quantitate
384 1825 527 1888 subsidii
542 1824 641 1899 illius,
657 1830 692 1887 et
706 1823 749 1887 de
764 1823 911 1887 termino
925 1822 1105 1887 solutionis
1119 1823 1284 1906 ejusdem,

174 1931 236 1994 sub
257 1930 367 2014 sigillo
389 1951 452 1993 suo
474 1929 687 1993 certificaret.
736 1928 782 1991 Et
803 1928 885 2011 quia
906 1928 1004 1991 nobis
1025 1927 1058 1990 in
1080 1927 1288 1992 Cancellaria

174 2040 291 2098 nostra
336 2034 523 2117 praedicta,
566 2041 683 2097 utrum
725 2033 815 2096 idem
856 2053 966 2115 nuper
1008 2032 1283 2116 archiepiscopus

178 2138 375 2222 hujusmodi
426 2139 709 2202 convocationem
759 2142 943 2220 praetextu
992 2142 1131 2220 rogatus
1179 2137 1288 2201 nostri

175 2243 343 2326 praedicti
369 2244 495 2306 lecerat
522 2263 637 2317 necne,
664 2241 818 2306 nondum
839 2246 890 2304 est
910 2240 1161 2316 certificatum;
1182 2241 1287 2305 Vobis

176 2347 208 2410 in
247 2348 312 2411 fide
349 2355 383 2411 et
420 2348 602 2411 dilectione
638 2347 764 2431 quibus
800 2345 899 2409 nobis
936 2345 1099 2409 tenemini
1137 2346 1288 2432 rogando

175 2452 380 2516 mandamus
401 2452 494 2535 quod
516 2452 542 2514 si
565 2451 658 2515 dicta
679 2450 883 2515 convocatio
903 2450 937 2513 in
960 2450 1033 2514 vita
1055 2450 1160 2534 ipsius
1180 2472 1289 2537 nuper

176 2557 420 2640 archiepiscopi
443 2557 535 2620 lacta
559 2556 670 2629 luerit,
694 2562 732 2619 ut
754 2561 806 2617 est
826 2554 941 2629 moris,
961 2562 1044 2619 tunc
1061 2576 1124 2620 nos
1141 2555 1230 2631 inde,
1248 2578 1288 2621 ac

172 2661 213 2725 de
230 2661 434 2745 quantitate
452 2660 594 2723 subsidii
614 2660 711 2723 nobis
730 2660 763 2723 in
782 2659 1030 2723 convocatione
1049 2659 1105 2723 illa
1123 2661 1285 2736 concessi,

172 2767 197 2830 si
227 2765 322 2849 quod
358 2766 471 2838 luerit,
503 2771 537 2827 et
567 2764 609 2827 de
640 2765 786 2828 termino
816 2764 995 2828 solutionis
1026 2763 1191 2845 ejusdcm,
1223 2766 1287 2830 sub

175 2870 283 2954 sigillo
304 2875 419 2932 vestro
440 2868 591 2932 reddatis
613 2869 795 2943 certiores;
821 2874 855 2931 et
880 2868 907 2931 si
932 2868 1020 2932 lorte
1044 2869 1138 2934 nulla
1161 2891 1287 2935 convo·

171 2974 262 3038 catio
291 2973 335 3036 ad
363 2972 495 3036 dictum
521 2981 679 3057 rogatum
706 2979 862 3037 nostrum
889 2979 971 3037 tunc
997 2973 1088 3038 lacta
1113 2975 1285 3039 extitisset

174 3084 258 3141 tunc
292 3077 486 3160 praemissis
518 3077 636 3140 debito
669 3077 798 3141 intuitu
831 3077 975 3140 attentis
1008 3083 1042 3140 et
1074 3077 1284 3160 ponderatis,

171 3182 404 3266 suffraganeos
443 3187 587 3255 vestros,
628 3179 786 3255 decanos,
826 3186 860 3243 et
899 3181 1028 3264 priores
1066 3180 1285 3246 ecclesiarum

172 3286 432 3360 cathedralium,
474 3286 628 3359 abbates,
670 3290 704 3347 et
746 3285 874 3367 priores
913 3290 947 3346 et
987 3283 1071 3348 alios
1109 3285 1282 3362 electivos,

171 3398 350 3472 exemptos
396 3397 430 3453 et
479 3411 547 3453 non
594 3395 784 3472 exemptos,
834 3408 966 3452 necnon
1015 3388 1283 3466 archidiaconos

170 3493 332 3577 capitula,
380 3501 582 3568 conventus,
634 3501 668 3557 et
723 3492 863 3577 collegia
919 3497 1102 3575 totumque
1155 3494 1283 3559 clerum

171 3598 355 3682 cujuslibet
396 3598 589 3662 dioeceseos
630 3603 765 3661 vestrae
806 3596 1003 3680 provinciae
1044 3596 1088 3660 ad
1128 3618 1283 3683 compar-

172 3703 298 3766 endum
332 3723 448 3766 coram
482 3704 580 3766 vobis
614 3703 647 3766 in
682 3701 858 3785 praedicta
891 3702 1031 3766 ecclesia
1065 3702 1158 3766 beati
1192 3704 1285 3769 Petri

172 3807 227 3870 vel
252 3807 343 3880 alibi,
368 3815 471 3890 prout
495 3808 653 3891 expedire
676 3806 841 3882 videritis
865 3805 1052 3890 primodie
1076 3807 1286 3891 Septembris

172 3912 327 3995 proxime
352 3912 480 3985 lutum,
506 3932 598 3975 more
622 3911 722 3975 solito
746 3911 928 3976 convocari
953 3911 1109 3986 faciatis;
1135 3918 1169 3974 et
1193 3912 1285 3996 ipsos

173 4015 207 4079 in
224 4016 288 4078 hac
305 4022 403 4098 parte
420 4036 461 4078 ex
479 4037 582 4080 causa
598 4014 785 4098 praedicta,
803 4015 847 4079 ad
863 4014 1055 4079 subsidium
1072 4015 1106 4078 in
1123 4015 1187 4079 hoc
1203 4037 1284 4081 casu

172 4126 371 4202 competens
400 4127 434 4183 et
464 4120 691 4183 necessarium
721 4120 755 4182 in
784 4119 1084 4203 supportationem
1112 4118 1284 4185 dictorum

175 4243 316 4287 onerum
346 4224 446 4288 nobis
475 4223 731 4288 concedendum
761 4244 801 4288 eo
830 4224 1010 4314 specialius
1039 4230 1074 4287 et
1103 4223 1283 4301 efficacius,

173 4349 242 4412 quo
265 4329 373 4414 magis
396 4328 564 4392 sciveritis
588 4335 648 4392 aut
672 4329 839 4412 poteritis,
864 4329 994 4394 solicite
1018 4327 1212 4402 inducatis;
1250 4336 1285 4394 et

174 4441 288 4516 partes
304 4442 436 4498 vestras
452 4433 496 4496 ad
513 4434 577 4497 hoc
593 4432 772 4518 diligenter
786 4440 820 4497 et
835 4433 1062 4499 effectualiter
1076 4431 1261 4517 apponatis
1276 4452 1284 4511 ;
