2918 5010
456 409 660 477 Noxrnenn
685 411 955 475 Convocxrron.
1205 409 1266 483 107

152 604 390 688 praeteritum,
405 603 439 667 in
453 602 593 668 ecclesia
607 609 725 667 nostra
739 602 841 666 Ebor.
866 601 965 665 nobis
980 606 1062 664 tunc
1078 595 1266 662 Londoniis

153 729 195 772 ex
221 730 325 774 causa
350 707 568 792 parliamenti
596 707 700 771 vestri
733 706 973 780 existentibus
1009 702 1202 776 convocari,
1231 706 1266 764 et

153 833 214 897 per
258 819 369 877 certos
414 817 550 876 nostros
595 810 847 876 commissarios
893 809 1021 872 ibidem
1068 805 1266 891 hujusmodi

152 917 437 983 convocationem
473 915 635 980 celebrari
673 915 816 979 fecimus
852 913 1037 978 solenniter
1073 919 1107 976 et
1145 911 1264 975 teneri.

152 1023 218 1108 Qui
238 1022 378 1108 quidem
398 1021 541 1106 praelati
562 1027 595 1085 et
615 1020 724 1085 clerus
743 1020 884 1105 aliquod
903 1018 1095 1083 subsidium
1114 1015 1267 1081 notabile

154 1134 236 1192 tunc
254 1126 438 1192 concedere
457 1126 676 1200 distulerunt,
696 1125 775 1189 licet
794 1124 838 1188 ad
857 1124 922 1188 hoc
940 1123 1023 1187 dicti
1042 1120 1264 1186 commissarii

153 1231 261 1295 nostri
295 1230 386 1315 ipsos
419 1230 483 1294 viis
516 1235 550 1294 et
584 1229 705 1303 modis,
739 1229 866 1312 quibus
900 1233 1072 1311 poterant,
1108 1225 1267 1289 inducere

153 1335 377 1410 laborarunt;
424 1341 458 1398 et
507 1341 688 1419 propterea
737 1333 840 1397 iidem
888 1331 1111 1396 commissarii
1160 1329 1268 1394 nostri

153 1439 347 1523 praelatam
388 1439 672 1502 convocationem
714 1437 759 1501 ad
798 1437 889 1501 diem
934 1437 1061 1510 Lunae,
1110 1434 1269 1498 videlicet

154 1549 319 1628 quartum
357 1542 448 1606 diem
485 1541 642 1625 Januarii
686 1548 815 1605 extunc
859 1540 1013 1625 proxime
1056 1546 1267 1623 sequentem,

154 1647 456 1712 continuaverunt.

244 1776 377 1861 Quibus
397 1776 451 1839 die
470 1782 504 1839 et
523 1775 598 1839 loco
618 1775 841 1858 personaliter
861 1775 1088 1848 interfuimus
1109 1795 1149 1837 ac
1168 1773 1269 1838 dictis

155 1881 318 1966 praelatis
344 1888 378 1946 et
405 1880 494 1944 clero
522 1879 605 1944 inibi
632 1879 841 1951 convocatis,
871 1879 986 1943 omnia
1013 1885 1046 1941 et
1074 1878 1207 1963 singula
1234 1878 1268 1941 in

155 1985 249 2050 dicto
273 1985 368 2049 brevi
393 1991 508 2048 vestro
530 1990 705 2058 contenta,
726 1989 759 2046 et
778 1983 845 2046 alia
862 2004 951 2067 quae
969 1983 1079 2047 dictos
1098 1982 1269 2066 praelatos

156 2096 190 2153 et
223 2090 350 2154 clerum
381 2089 425 2153 ad
457 2088 709 2153 concessionem
740 2087 882 2152 subsidii
915 2088 1046 2151 allicere
1078 2087 1269 2150 debuerant

156 2194 377 2278 exposuimus
426 2193 615 2278 diligenter.
664 2193 773 2276 Super
820 2192 947 2276 quibus
995 2191 1042 2255 sic
1092 2190 1266 2275 expositis

157 2298 278 2362 habita
300 2297 556 2372 deliberatione,
583 2304 654 2361 tam
678 2297 771 2361 dicto
793 2297 847 2361 dic
870 2297 998 2371 Lunae,
1021 2317 1127 2380 quarn
1150 2296 1271 2360 diebus

155 2402 379 2487 sequentibus
403 2401 546 2485 plenius,
566 2401 650 2465 dicti
675 2401 819 2484 praelati
843 2407 878 2464 et
902 2400 1010 2465 clerus
1032 2400 1216 2485 alligarunt
1234 2420 1270 2463 se

157 2506 260 2571 variis
309 2506 449 2590 quidem
500 2505 777 2589 importabilibus
827 2505 986 2570 oneribus
1040 2505 1116 2589 plus
1169 2504 1271 2569 solito

157 2610 438 2675 incumbentibus
490 2616 653 2694 gravatos
706 2609 942 2693 multipliciter
994 2617 1028 2674 et
1081 2610 1268 2694 depressos,

157 2714 358 2799 praesertim
390 2721 531 2797 propter
562 2706 702 2777 liostiles
734 2714 927 2778 invasiones
959 2715 1150 2789 Scotorum,
1183 2736 1270 2799 quos

156 2818 385 2904 verisimiliter
400 2818 634 2882 formidabant
649 2818 747 2902 quasi
763 2817 871 2881 indies
887 2818 920 2882 in
936 2819 1066 2883 foribus
1081 2819 1267 2884 imminere.

158 2924 306 2987 Demum
327 2930 442 2987 tamen
462 2929 540 3006 post
558 2924 676 3006 longos
697 2928 867 2986 tractatus
885 2943 945 3005 per
963 2944 1025 2987 nos
1044 2944 1123 2987 cum
1142 2924 1269 2987 eisdem

159 3027 306 3102 habitos,
334 3027 418 3091 dicti
445 3027 589 3111 praelati
617 3034 650 3090 et
678 3026 786 3090 clerus
813 3026 981 3091 decimam
1009 3028 1201 3092 biennalem
1228 3028 1270 3092 de

158 3133 255 3196 bonis
294 3138 328 3195 et
368 3131 541 3195 beneficiis
579 3131 649 3194 suis
684 3131 919 3194 ecclesiasticis
954 3138 987 3194 et
1024 3132 1270 3215 temporalibus

156 3236 393 3321 spiritualibus
421 3236 563 3299 annexis
592 3235 738 3318 primam
764 3234 922 3299 videlicet
947 3235 1115 3300 decimam
1140 3237 1270 3321 integre

157 3341 358 3405 solvendam
375 3341 509 3404 infesto
528 3340 742 3403 lnventionis
757 3340 789 3403 S.
805 3340 920 3403 Crucis
934 3341 1087 3422 proxime
1106 3341 1222 3405 futuro
1235 3348 1270 3405 et

74 3449 80 3456 '
158 3446 302 3510 alteram
329 3445 362 3509 in
392 3445 487 3509 lestis
514 3445 630 3509 Sancti
658 3445 814 3509 Andreae
841 3444 986 3528 apostoli
1014 3451 1048 3509 et
1074 3445 1269 3510 Annuncia·

158 3551 260 3615 tionis
279 3550 406 3615 Beatae
425 3550 551 3613 Mariae
569 3549 716 3633 Virginis
733 3557 861 3614 extunc
877 3551 1031 3633 proxime
1048 3550 1271 3634 sequentibus

159 3676 219 3739 per
240 3656 399 3739 aequales
420 3655 595 3738 portiones
616 3653 806 3718 secundum
828 3676 955 3718 novam
978 3662 1097 3719 taxam
1118 3655 1271 3740 gratuito

157 3765 407 3823 concesserunt.
456 3760 538 3823 Post
553 3758 695 3823 modum
709 3779 790 3822 vero
808 3758 865 3823 260
882 3759 935 3823 die
953 3760 1078 3824 mensis
1095 3760 1271 3824 Februarii

158 3864 347 3948 recepimus
366 3863 482 3927 literas
503 3870 644 3937 vestras,
666 3864 731 3926 sub
751 3863 889 3946 privato
909 3863 1018 3948 sigillo
1037 3873 1153 3929 vestro
1173 3865 1271 3929 nobis

158 3968 316 4040 directas,
337 3988 396 4051 per
414 3988 501 4052 quas
520 3988 581 4030 nos
601 3967 746 4052 rogastis
765 3974 799 4031 et
819 3967 962 4032 tirmiter
981 3969 1157 4043 onerastis,
1177 3969 1271 4054 quod

159 4073 290 4136 ratione
329 4071 432 4156 viagii
473 4070 602 4135 domini
650 4072 746 4136 ducis
793 4072 1014 4135 Lancastriae
1054 4080 1088 4136 et
1127 4073 1271 4137 aliorum

159 4175 335 4249 nobilium,
361 4175 395 4238 in
425 4174 547 4240 ultimo
575 4175 804 4259 parliamento
827 4175 977 4240 condicti
1001 4182 1036 4240 et
1062 4178 1271 4254 concordati,

159 4278 440 4342 accelerationem
493 4280 672 4345 solutionis
728 4281 841 4344 dictae
898 4280 1065 4345 biennalis
1121 4281 1272 4347 decimae

159 4403 430 4469 procuraremus
463 4389 498 4446 et
534 4383 819 4468 interponerimus
854 4383 898 4447 ad
935 4384 999 4448 hoc
1033 4406 1112 4449 curn
1146 4387 1272 4451 effectu

160 4488 357 4575 diligentiae
371 4495 508 4551 nostrae
524 4494 640 4571 partes
652 4507 659 4563 ;
684 4510 724 4553 ac
737 4497 918 4574 propterea
931 4488 974 4553 de
987 4509 1078 4553 novo
1091 4491 1272 4556 convocari
