2918 5010
457 369 661 436 Noararau
686 371 956 434 Convocarrorv.

635 563 739 627 XLV.

268 715 343 776 This
361 715 443 775 Writ
462 716 495 776 ol
513 715 634 793 Bishop
653 715 796 776 Hatfield
816 716 963 776 contains
982 735 1001 775 a
1020 716 1094 793 long
1112 715 1264 782 Mandate

188 811 269 873 irom
288 811 488 890 Archbishop
507 812 544 872 Α.
565 811 699 883 Neville,
720 812 783 872 and
804 813 859 873 the
879 812 1024 871 Durbam
1044 818 1165 889 protest
1188 811 1222 870 in
1244 830 1263 871 a

188 909 395 980 shortform,
419 909 483 968 and
512 915 613 968 states
641 909 695 968 the
724 909 872 987 Bisbop’s
899 908 1055 967 intention
1084 915 1140 967 not
1169 915 1202 967 to
1224 908 1264 967 be

189 1013 315 1084 present
331 1003 521 1084 personally.

230 1161 321 1239 [Reg.
339 1160 492 1233 Hatfield,
509 1162 670 1234 Dunolm.,
687 1162 708 1223 l.
726 1179 781 1242 171
802 1163 903 1241 b-172
922 1164 964 1238 a].

236 1310 397 1386 Thomas,
418 1315 496 1384 etc,
511 1311 644 1375 dilectis
658 1310 745 1385 filiis,
764 1317 828 1375 etc.
877 1311 1133 1375 Commissionis
1149 1312 1264 1376 literas

149 1415 353 1479 venerabilis
384 1415 417 1478 in
449 1414 584 1478 Christo
615 1416 723 1498 patris
754 1415 883 1479 domini
915 1415 1113 1480 Allexandri
1146 1416 1264 1481 Archi—

148 1519 298 1603 episcopi
336 1519 439 1583 Ebor.
478 1518 620 1603 Angliae
659 1519 820 1583 Primatis
856 1526 891 1582 et
928 1520 1137 1604 apostolicae
1173 1522 1264 1585 sedis

150 1623 280 1708 Legati,
305 1643 384 1688 cum
408 1623 659 1707 protestatione
683 1623 800 1687 debita
825 1631 859 1687 et
884 1632 1049 1689 consueta
1073 1626 1263 1709 recepimus

148 1729 212 1792 sub
250 1729 313 1792 hac
345 1728 477 1800 torma:
514 1727 721 1792 Allexander
752 1728 972 1811 permissione
1004 1729 1122 1793 divina
1156 1731 1261 1796 Ebor.

149 1833 433 1916 Archiepiseopus
472 1832 615 1916 Angliae
654 1833 782 1915 primas
820 1840 854 1896 et
894 1834 1103 1916 apostolicae
1145 1835 1258 1916 [sedis]

149 1936 281 2021 legatus
312 1937 498 2001 venerabili
532 1937 629 2000 tratri
660 1943 779 2000 nostro
810 1937 950 2001 domino
982 1937 1134 2001 Thomae
1165 1955 1198 2002 n.
1228 1955 1260 2004 G.

147 2041 310 2105 Dunolm.
347 2041 563 2125 suffraganeo
598 2047 716 2104 nostro
751 2041 898 2105 salutem
933 2048 966 2105 et
1004 2041 1190 2106 fraternam
1226 2044 1260 2107 in

147 2146 289 2210 domino
302 2146 494 2210 caritatem.
537 2145 646 2208 Breve
659 2146 788 2229 regium
802 2165 911 2228 nuper
924 2147 1113 2228 recepimus
1127 2146 1159 2210 in
1178 2148 1261 2210 haec

147 2252 264 2325 verba,
282 2250 450 2314 Ricardus
467 2267 500 2314 o.
516 2266 548 2314 G.
568 2250 642 2313 Rex
659 2250 801 2334 Angliae
818 2256 852 2313 et
871 2250 1033 2314 Franciae
1050 2256 1085 2314 et
1101 2251 1261 2317 dominus

149 2354 335 2419 Hiberniae
364 2355 549 2419 venerabili
581 2354 613 2417 in
644 2353 779 2417 Christo
809 2355 898 2437 patri
928 2355 968 2419 Α.
1000 2356 1120 2420 eadem
1149 2357 1260 2441 gratia

147 2459 412 2543 Archiepiseopo
437 2459 539 2523 Ebor,
566 2458 708 2543 Angliae
734 2459 871 2542 primati
897 2460 1055 2524 salutem.
1104 2461 1260 2544 Qualiter
1282 2485 1357 2534 Nota
1369 2493 1456 2536 contr.

149 2563 275 2628 inimici
302 2565 409 2627 nostri
443 2563 606 2626 Franciae
636 2569 670 2626 et
697 2563 753 2626 alii
781 2563 845 2627 sibi
868 2562 1093 2629 adhaerentes
1115 2567 1205 2630 inter
1226 2587 1261 2630 se
1331 2623 1335 2631 .

148 2669 277 2754 alligati
300 2676 334 2732 et
358 2668 510 2750 undique
532 2667 702 2731 hostiliter
723 2670 918 2753 congregati
942 2690 1083 2754 regnum
1105 2677 1261 2735 nostrum

74 2776 79 2786 '
148 2774 291 2858 Angliae
310 2793 371 2856 per
391 2781 516 2837 terram
537 2777 572 2836 et
597 2792 656 2856 per
679 2794 772 2836 mare
797 2775 932 2857 saepius
949 2775 1148 2850 invaserint,
1170 2776 1259 2840 mala

148 2899 254 2962 quam
287 2878 433 2961 plurima
468 2884 501 2941 et
535 2878 764 2941 intolerabilia
797 2879 896 2941 nobis
933 2886 966 2943 et
1007 2880 1100 2962 ligeis
1136 2882 1261 2945 nostris

150 2982 337 3056 inferendo
361 2987 395 3045 et
418 3003 485 3045 non
508 2982 618 3045 solum
640 2982 682 3045 de
704 2983 768 3045 boc
789 2983 942 3047 contenti
965 2983 1097 3048 dictum
1119 3005 1261 3069 regnum

149 3093 306 3150 nostrum
328 3094 363 3149 et
386 3087 562 3150 ecclesiam
585 3093 741 3150 sanctam
766 3108 895 3171 nosque
918 3095 952 3151 et
976 3094 1087 3152 totam
1110 3090 1261 3174 linguam

151 3190 376 3275 Anglicanam
398 3192 596 3255 subvertere
619 3198 652 3253 et
676 3191 849 3255 destruere
871 3192 913 3255 de
935 3191 989 3255 die
1012 3193 1046 3256 in
1069 3192 1158 3257 diem
1180 3195 1263 3258 totis

150 3295 281 3359 viribus
302 3316 336 3358 se
358 3302 537 3369 conantur,
560 3296 623 3358 nisi
649 3315 765 3358 eorum
791 3296 953 3369 malitiae,
972 3296 1163 3379 adjuvante
1177 3298 1261 3370 Deo,

152 3400 287 3464 fortiter
315 3400 505 3473 resistatur,
538 3420 600 3462 vos
626 3421 693 3463 non
721 3400 890 3465 credimus
916 3401 1080 3485 ignorare,
1111 3402 1201 3466 unde
1228 3403 1261 3467 in

150 3504 378 3568 salvationem
405 3510 519 3568 status
545 3505 704 3567 eeclesiae
731 3511 871 3569 sanctae
898 3512 932 3569 et
959 3507 1051 3590 regni
1078 3527 1117 3570 ac
1144 3507 1262 3590 populi

151 3615 346 3672 nostrorum
375 3609 600 3672 necessariam
628 3608 859 3673 defensionem
888 3616 1047 3693 sumptus
1075 3631 1114 3675 ac
1141 3631 1262 3676 census

151 3719 185 3776 et
210 3733 377 3796 expensas
405 3713 650 3777 inestimabiles
679 3713 852 3777 effundere
880 3734 942 3777 nos
967 3721 1114 3798 oportet,
1141 3736 1261 3780 verum

151 3816 244 3901 quod
270 3817 313 3880 ad
340 3817 491 3900 ipsorum
514 3838 654 3881 onerum
678 3823 712 3881 et
738 3823 941 3901 sumptuum
963 3819 1262 3902 supportationem

152 3923 280 4005 absque
297 3921 474 4004 juvamine
495 3921 647 3985 fidelium
667 3929 862 3986 nostrorum
881 3943 949 3986 non
970 3922 1156 3988 sufficimus
1173 3924 1262 3989 sicut

152 4025 255 4099 scitis,
278 4026 384 4090 Vobis
405 4026 437 4089 in
461 4025 527 4088 fide
549 4032 583 4088 et
605 4026 796 4098 dilectione,
818 4027 945 4110 quibus
966 4027 1065 4091 nobis
1087 4029 1261 4104 tenemini,

84 4202 89 4210 ,
152 4128 302 4212 rogando
328 4129 533 4193 mandamus
557 4138 731 4215 quatenus
754 4137 827 4194 tam
850 4131 1024 4196 arduitate
1047 4133 1262 4216 negotiorum

152 4222 404 4316 praedictorum
425 4255 531 4318 quam
552 4234 739 4319 grandibus
760 4235 917 4318 periculis
937 4257 1026 4320 quae
1047 4237 1206 4301 ecclesiae
1227 4244 1261 4301 et

153 4357 254 4419 regno
298 4338 482 4421 praedictis
525 4339 660 4403 oculata
705 4338 771 4402 fide
816 4340 1020 4421 imlmlinere
1063 4341 1261 4424 conspicitis

153 4443 320 4508 attentius
360 4450 394 4506 et
435 4442 550 4508 debite
582 4443 805 4509 consideratis
856 4444 1089 4533 suffraganeos
1128 4452 1261 4511 vestros

1328 2555 1420 2602 archi-

1294 2635 1453 2686 episcopum

1330 2691 1412 2738 Ebor.
