2918 5010
475 376 680 441 Nonruenu
705 374 974 440 Couvocxrrou.
1224 387 1285 454 173

170 569 346 634 videbitur
357 590 419 653 pro
430 570 647 653 promotione
659 575 693 632 et
705 568 901 632 defensione
912 564 1113 630 universalis
1124 563 1284 628 ecclesiae

171 681 206 738 et
249 674 327 737 fidei
371 673 567 738 Catholicae
611 679 732 738 contra
774 671 991 756 quorundam
1035 669 1284 734 haereticonim

171 778 415 842 modernorum
437 777 577 842 insidias
598 784 632 841 et
654 777 867 841 inconsultus
891 780 961 861 (sic)
985 786 1019 842 et
1040 778 1204 863 quicquid
1226 798 1286 861 per

171 883 308 947 eosdem
339 883 660 947 reverendissimum
689 888 824 966 patrem
853 903 913 947 seu
943 883 1175 967 praesidentes
1203 902 1283 946 suos

173 989 345 1072 praelatos
362 993 395 1051 et
413 987 540 1051 clerum
558 993 749 1051 tractatum
765 986 1013 1051 concordatum
1031 994 1065 1050 et
1084 987 1283 1051 conclusum

172 1093 274 1157 luerit
304 1093 338 1157 in
367 1092 561 1175 praemissis
587 1099 620 1155 et
644 1112 761 1156 eorum
786 1091 927 1176 singulis
950 1090 1192 1155 ratificandum
1220 1092 1278 1173 [etl

172 1197 282 1262 eidem
302 1196 586 1261 consentiendum
607 1203 640 1260 et
661 1202 763 1280 prout
783 1197 944 1260 convenit
962 1195 1232 1260 dissentiendum
1249 1202 1283 1260 et

173 1301 489 1366 contradicendum.

262 1431 315 1514 (In
360 1432 513 1495 manerio
556 1439 674 1495 nostro
717 1430 759 1494 de
799 1430 979 1495 Auklande
1015 1449 1034 1510 3
1070 1431 1124 1495 die
1159 1431 1284 1495 mensis

173 1537 350 1602 Februarii
369 1554 441 1600 Ab.
465 1554 548 1617 1420
571 1537 693 1617 (1430).

294 1665 366 1725 xcii.
410 1663 639 1728 Convocation.
679 1663 793 1740 sitting
834 1682 874 1723 on
919 1662 975 1724 bth
1016 1664 1151 1742 August,
1194 1681 1282 1742 1430,

213 1761 311 1821 voted
328 1761 383 1820 the
400 1759 487 1836 King
504 1778 522 1819 a
540 1760 643 1819 tenth.

624 1949 625 1954 ,
672 1891 804 1958 LXIII.

294 2036 378 2096 xciii.
421 2033 650 2104 Convocation‚
666 2052 707 2092 on
729 2034 785 2108 3rd
806 2033 955 2106 October,
982 2051 1070 2112 1432.
1090 2035 1187 2096 voted
1207 2037 1284 2116 only

214 2131 268 2191 the
285 2132 393 2192 fourth
409 2138 480 2209 part
494 2131 527 2191 ol
539 2150 558 2191 a
570 2132 673 2194 tenth.
691 2131 754 2191 and
770 2131 841 2191 that
857 2129 935 2190 with
951 2130 1070 2190 certain
1087 2133 1281 2210 excepimus,

214 2227 244 2287 in
265 2247 483 2306 consequence
502 2227 535 2286 oi
554 2228 608 2286 the
627 2226 831 2286 devastation
851 2225 967 2286 caused
986 2226 1031 2305 by
1049 2226 1159 2288 floods.

174 2388 317 2452 Lernen
379 2404 423 2452 or
482 2387 717 2451 Ancussisuoe
770 2386 913 2462 Keues,
969 2404 1184 2454 Abonessuo
1240 2408 1285 2455 ro

264 2493 362 2558 Kiuo
393 2494 529 2556 chnv
560 2492 607 2556 VI
642 2493 765 2574 (1432),
797 2509 1040 2564 auuouuciuc
1070 2511 1165 2559 1111
1193 2495 1284 2561 Cou-

263 2613 443 2661 1011101
492 2613 559 2667 uns
608 2612 888 2659 xnvsmuucess
935 2613 1054 2660 vorsu
1100 2616 1123 2661 A
1170 2617 1285 2666 simtu

264 2701 434 2766 Sunsiov.

262 2831 558 2895 Excellentissimo
600 2831 634 2893 in
681 2828 817 2893 Christo
864 2830 1008 2914 principi
1054 2840 1088 2898 et
1136 2835 1285 2902 Domino

175 2935 324 2999 Domino
361 2935 510 2999 Henrico
545 2951 578 2997 o.
616 2949 648 2997 G.
685 2933 769 3017 Regi
804 2934 946 3018 Angliae
979 2942 1013 2999 et
1047 2937 1210 3004 Franciae
1250 2949 1284 3007 et

175 3039 324 3104 Domino
349 3040 545 3113 Hiberniae,
572 3039 758 3121 Johannes
785 3038 1006 3121 permissione
1034 3040 1151 3107 divina
1180 3046 1283 3114 Ebor.

174 3143 458 3227 Archiepiscopus
501 3142 643 3226 Angliae
686 3143 814 3225 primas
861 3149 895 3206 et
941 3146 1149 3226 apostolicae
1195 3151 1284 3216 sedis

175 3247 334 3332 Legatus‚
369 3248 528 3320 salutem,
567 3247 600 3310 in
634 3266 673 3309 eo
708 3266 768 3329 per
798 3266 900 3329 quem
934 3246 1043 3331 Reges
1074 3261 1217 3335 regnant
1250 3263 1285 3322 et

174 3352 343 3435 principes
367 3352 600 3416 dominantur.

262 3481 348 3545 Cum
393 3502 455 3545 nos
500 3500 609 3564 nuper
654 3480 687 3543 in
733 3486 851 3544 nostro
896 3481 1096 3564 provinciali
1141 3489 1285 3556 concilio

174 3586 398 3669 personaliter
444 3585 624 3649 constituti
673 3585 845 3667 praelatos
891 3592 925 3650 et
972 3587 1099 3654 clerum
1146 3601 1284 3661 nostrae

174 3690 370 3772 provinciae
404 3689 487 3753 inibi
520 3696 744 3773 congregatos
777 3689 821 3753 ad
855 3692 1107 3760 concessionem
1140 3699 1282 3766 subsidii

175 3800 310 3858 vestrae
335 3794 512 3858 serenitati
539 3793 731 3857 taciendam
758 3793 901 3869 allicere,
928 3802 962 3860 et
989 3798 1081 3862 omni
1108 3799 1284 3887 diligentia

174 3920 242 3982 qua
260 3898 461 3962 valebamus
482 3898 656 3963 exhortari
676 3899 909 3964 curaverimus
928 3907 1006 3984 post
1027 3902 1141 3986 plures
1157 3909 1284 3973 varios·
1353 3909 1357 3920 '

173 4023 240 4086 que
254 4009 425 4067 tractatus
438 4023 498 4087 per
510 4023 572 4067 nos
584 4023 662 4066 cum
676 4003 804 4067 eisdem
820 4005 1031 4070 continuatis
1047 4006 1168 4075 diebus
1183 4032 1286 4097 super

174 4107 238 4170 hoc
254 4107 392 4171 habitos
408 4108 509 4171 iidem
527 4107 670 4191 praelati
688 4114 722 4171 et
738 4108 847 4173 clerus
862 4110 940 4174 licet
956 4118 1098 4196 propter
1112 4117 1284 4184 notoriam

173 4231 290 4275 eorum
320 4217 562 4294 paupertatem
591 4219 771 4277 causatam
800 4219 875 4276 turn
903 4233 944 4277 ex
972 4216 1140 4282 vastitate
1167 4219 1282 4286 hostili

175 4321 249 4379 tum
266 4335 307 4378 ex
328 4335 497 4398 aquarum
518 4315 792 4380 inunditionibus
808 4318 990 4383 excessivis
1005 4340 1094 4405 quae
1112 4325 1284 4390 nonnullis

175 4419 327 4504 ejusdem
374 4419 570 4505 provinciae
615 4421 762 4485 ecclesiis
808 4428 880 4487 tam
925 4424 1134 4492 secularibus
1177 4449 1283 4516 quam
