2918 5010
437 408 639 473 Nonrunnu
672 409 941 474 Couvocnriou.
1199 422 1239 489 27

129 579 297 665 consensu
328 601 481 665 omnium
513 601 546 664 in
582 601 732 666 Concilio
763 601 856 665 dicto
888 608 971 666 tunc
1002 600 1234 675 existentium,

132 703 245 788 ipsum
268 704 455 769 Concilium
474 705 518 769 ad
542 706 690 789 primum
710 706 799 770 diem
824 706 948 770 mensis
968 705 1050 789 Julii
1075 705 1236 770 duximus

132 809 397 894 prorogandum,
430 815 469 873 ut
500 809 593 873 dicto
624 810 677 874 die
709 810 741 874 in
774 810 913 874 ecclesia
943 809 1161 875 conventuali
1193 808 1235 873 de

133 912 265 987 Blida,*
293 912 394 996 juxta
425 914 570 978 formam
599 914 719 997 prioris
747 914 920 978 citationis
949 914 993 978 ad
1022 913 1234 998 praedictum

131 1016 319 1081 Concilium
364 1017 623 1082 convocandum
671 1018 820 1095 habitae,
868 1039 985 1082 omnes
1033 1024 1068 1082 et
1112 1016 1235 1103 singuli

130 1121 296 1204 praedicti
336 1121 441 1185 nostri
487 1121 617 1187 subditi
658 1129 894 1206 comparerent
934 1122 1082 1207 legitime
1120 1143 1235 1187 coram

132 1224 248 1300 Nobis,
276 1227 449 1310 praelatos
476 1226 567 1291 diem
598 1233 632 1291 et
664 1227 775 1291 locum
801 1227 844 1291 ad
872 1248 911 1291 ea
938 1247 1027 1311 quae
1055 1227 1088 1290 in
1116 1226 1235 1291 eodem

131 1330 279 1394 Concilio
305 1331 481 1415 proposita
507 1338 540 1395 et
568 1332 730 1396 inchoata
757 1332 904 1405 fuerant,
932 1338 1034 1415 prout
1061 1331 1129 1415 juri
1155 1352 1234 1397 con-

130 1454 267 1498 sensum
291 1435 403 1510 fuerit,
428 1436 631 1520 peragenda,
657 1435 782 1500 eisdem
807 1436 967 1500 canonice
989 1435 1234 1521 praefigentes;

130 1539 230 1602 certis
256 1547 371 1602 tamen
397 1539 438 1603 de
463 1540 574 1603 causis
600 1548 634 1603 et
659 1540 820 1624 legitimis
845 1539 1057 1624 praedictam
1083 1547 1236 1605 nostram

130 1642 384 1726 praefixionem,
401 1644 516 1727 quoad
531 1644 595 1707 loci
609 1643 775 1727 praedicti
789 1644 831 1708 de
845 1643 945 1708 Blida
958 1645 1235 1729 assignationem,

131 1747 373 1811 tantummodo
398 1747 559 1811 duximus
584 1747 861 1812 immutandum:
889 1748 1056 1831 Quocirca
1080 1748 1236 1812 fraterni-

130 1857 240 1916 tatem
261 1858 412 1915 vestram
434 1872 536 1936 super
556 1852 608 1915 his
630 1852 916 1936 praemunientes,
940 1857 1057 1917 tenore
1078 1871 1235 1935 praesen-

130 1955 218 2020 tium
248 1957 474 2040 peremptorie
505 1956 726 2021 nihilominus
761 1977 822 2020 vos
852 1956 1009 2029 citamus,
1035 1962 1069 2019 et
1094 1976 1153 2038 per
1176 1976 1238 2019 vos

130 2060 305 2125 universos
321 2061 484 2133 Abbates,
499 2060 630 2124 Priores
643 2061 796 2125 Abbates
809 2060 963 2145 proprios
975 2081 1044 2124 non
1057 2060 1234 2136 habentes,

130 2186 169 2228 ac
201 2171 274 2229 tam
306 2165 483 2229 eccclesiae
510 2172 646 2230 vestrae
672 2186 778 2250 quam
806 2165 950 2231 aliarum
977 2164 1236 2250 collegiatarum

129 2275 263 2333 vestrae
277 2268 466 2333 dioeceseos
481 2270 648 2343 Decanos,
665 2269 942 2344 Archidiaconos
957 2277 991 2333 et
1008 2268 1235 2353 praepositos,
1302 2262 1304 2268 ’

129 2393 259 2437 necnon
276 2373 444 2457 Capitula,
461 2375 689 2458 peremptorie
711 2373 931 2438 nihilominus
955 2374 1052 2438 citari
1077 2374 1237 2439 volumus

129 2483 163 2541 et
192 2477 407 2552 mandamus,
433 2479 527 2562 quod
554 2485 626 2543 tam
650 2499 712 2542 vos
741 2500 846 2563 quam
874 2478 1041 2562 praedicti
1070 2479 1235 2554 AbbateS,

132 2581 273 2657 Priores
297 2583 436 2656 Decani,
460 2583 698 2648 Archidiaconi
720 2589 755 2647 et
777 2583 978 2667 Praepositi,
1001 2583 1234 2667 personaliter,

130 2686 282 2770 capitula
305 2707 386 2749 vero
410 2707 470 2770 per
493 2694 729 2771 procuratores
751 2688 958 2752 sufficienter
979 2687 1174 2763 instructos,
1200 2687 1234 2750 in

129 2789 303 2874 praedicta
349 2791 488 2855 ecclesia
534 2799 651 2856 nostra
698 2793 812 2866 Ebor,
856 2793 967 2876 primo
1010 2792 1064 2857 die
1111 2791 1236 2857 mensis

128 2894 210 2976 Julii
255 2901 456 2971 memorato
496 2916 575 2967 cum
619 2897 878 2961 continuatione
917 2902 950 2960 et
996 2896 1235 2982 prorogatione

128 2998 259 3065 dierum
298 3001 592 3084 subsequentium,
633 3021 748 3065 coram
787 3000 895 3064 Nobis
933 3001 1161 3085 compareatis
1200 3007 1235 3065 et

127 3111 360 3188 compareant,
391 3111 463 3169 tam
491 3126 593 3189 super
620 3106 757 3191 negotio
787 3104 1017 3189 inquisitionis
1044 3104 1235 3169 haereticae

128 3209 311 3293 pravitatis
325 3216 444 3273 contra
458 3210 645 3295 singulares
662 3229 823 3293 personas
839 3208 1110 3293 Templariorum
1128 3208 1235 3272 Nobis

128 3334 149 3376 a
163 3313 242 3377 sede
259 3313 447 3397 apostolica
464 3314 644 3377 commisso
660 3314 758 3398 juxta
777 3319 855 3377 acta
869 3313 1082 3378 retrohabita
1094 3313 1128 3377 in
1142 3312 1235 3376 dicto

127 3418 264 3501 negotio
288 3438 393 3501 quam
416 3418 490 3481 aliis
514 3419 607 3502 prius
631 3418 815 3502 propositis
838 3424 873 3482 et
897 3417 1033 3483 noviter
1055 3418 1090 3482 in
1114 3416 1234 3481 eodem

128 3522 277 3587 Concilio
308 3523 539 3607 proponendis
571 3523 765 3597 tractaturi,
797 3522 932 3587 salubre
963 3522 1142 3586 consilium
1173 3521 1235 3585 im·

128 3626 287 3710 pensuri·;
332 3647 463 3691 necnon
501 3649 540 3690 ea
576 3647 665 3711 quae
702 3632 837 3690 statuta
874 3626 1034 3691 ordinata
1070 3633 1103 3691 et
1142 3626 1235 3690 tacta

127 3731 253 3796 tuerint
274 3731 448 3794 humiliter
468 3730 658 3805 admissuri,
676 3752 716 3795 ac
735 3731 841 3794 etiam
862 3731 1043 3796 efficaciter
1062 3731 1236 3815 impleturi

128 3835 251 3900 tacturi
290 3841 324 3899 et
362 3835 530 3919 recepturi
564 3836 658 3918 quod
696 3856 885 3900 consonum
923 3835 1025 3901 tuerit
1063 3835 1236 3901 canonicis

128 3940 305 4005 institutis.
358 3940 426 4003 Vos
445 3939 550 4003 etiam
576 3940 833 4023 praemunimus
859 3946 892 4003 et
918 3946 1070 4005 caeteros
1093 3961 1153 4025 per
1174 3960 1236 4004 vos

126 4043 294 4118 citandos,
323 4051 387 4108 etc.
467 4044 598 4108 Datum
630 4044 723 4129 apud
755 4044 890 4128 Thorpe
918 4043 1019 4128 juxta
1047 4045 1162 4120 Ebor,
1195 4043 1237 4128 ij0

131 4147 207 4213 Kal.
229 4148 324 4231 Junii
344 4169 423 4233 ag.
445 4165 595 4212 ncccxr0
615 4154 649 4212 et
668 4149 892 4233 pontificatus
910 4150 1018 4214 nostri
1038 4150 1098 4214 vio.

199 4313 213 4341 ⁸
235 4313 319 4376 Blyth
335 4314 361 4360 in
377 4313 644 4374 Nottinghamshire,
659 4331 676 4363 a
690 4316 868 4365 Benedictine
884 4315 986 4363 House.
