2918 5010
449 361 653 426 Noxruanu
678 360 948 425 Convocnnou.
1196 372 1257 438 143

146 555 274 620 domini
311 555 448 618 Martini
483 554 601 618 divina
634 551 854 636 providentia
888 551 1002 634 Papae
1036 550 1190 615 moderni
1224 551 1258 613 in

145 661 287 723 civitate
321 660 449 741 Papien
486 658 556 740 (sic)
593 656 802 721 auctoritate
834 660 1009 719 statutum
1042 662 1076 718 et
1119 655 1259 738 propius

145 764 398 834 celebrandum,
439 769 596 826 nostrum
636 760 818 824 concilium
858 759 1066 842 provinciale
1097 759 1259 823 duximus

145 868 417 932 convocandum.
485 865 556 928 Nos
597 865 805 929 auctoritate
846 870 965 927 nostra
1005 864 1259 946 metropolitica

146 973 277 1036 suffulti
309 972 408 1034 vobis
439 969 644 1033 venerabilis
676 969 783 1032 frater
813 968 847 1031 in
880 968 1010 1031 virtute
1042 967 1258 1032 obedientiae

146 1076 356 1160 injungimus
390 1083 424 1138 et
458 1072 674 1146 mandamus,
709 1093 840 1156 vosque
875 1079 992 1136 tenore
1026 1073 1258 1155 praesentium

147 1180 374 1263 peremptorie
393 1179 541 1242 citamus
560 1198 600 1241 ac
619 1197 679 1260 per
697 1198 759 1239 vos
779 1177 925 1260 priorem
945 1177 1104 1241 ecclesiae
1123 1184 1258 1242 vestrae

148 1283 361 1347 Cathedralis
410 1282 649 1346 Dunelmensis
696 1288 730 1344 et
778 1281 970 1364 capitulum
1017 1280 1171 1362 ejusdem
1219 1302 1259 1345 ac

148 1388 324 1452 universos
363 1388 517 1450 Abbates
556 1393 590 1449 et
632 1385 763 1448 Priores
803 1385 958 1467 proprios
997 1385 1151 1448 Abbates
1190 1405 1259 1450 non

149 1493 325 1565 habentes,
355 1497 534 1573 exemptos
561 1497 595 1553 et
624 1510 692 1553 non
720 1495 910 1571 exemptos,
936 1509 1068 1553 necnon
1090 1487 1258 1563 Decanos,

148 1596 425 1666 Archidiaconos,
444 1594 671 1677 praepositos,
688 1592 811 1656 Sacrae
831 1592 1035 1676 Theologiae
1051 1593 1261 1658 Professores

149 1722 188 1764 ac
209 1701 294 1783 juris
315 1699 468 1763 canonici
492 1706 526 1761 et
548 1698 657 1761 civilis
679 1696 846 1771 doctores
870 1697 1033 1780 capitula,
1057 1706 1259 1776 conventus,

148 1812 181 1868 et
199 1804 349 1889 collegia.
366 1803 562 1886 clerumque
580 1803 687 1866 totius
704 1801 876 1865 dioceseos
895 1809 1031 1866 vestrae
1051 1823 1090 1867 ac
1109 1804 1262 1868 civitatis

150 1908 388 1972 Dunelmensis
411 1906 509 1970 citari
531 1907 701 1978 volumus,
722 1913 756 1969 et
779 1905 985 1971 mandamus
1006 1914 1179 1991 quatenus
1200 1928 1262 1972 vos

150 2012 353 2076 venerabilis
393 2012 499 2075 frater
537 2009 690 2093 dictique
729 2011 894 2084 Abbates,
937 2010 1078 2085 Priores
1121 2012 1260 2087 Decani,

150 2115 399 2188 Archidiaconi,
420 2115 616 2198 praepositi,
637 2115 853 2197 professores,
873 2121 907 2179 et
926 2114 1084 2180 doctores
1102 2136 1261 2199 persona·

150 2221 237 2293 liter,
271 2220 424 2303 capitula
457 2240 538 2283 vero
571 2226 763 2284 conventus
796 2226 830 2283 et
863 2219 1004 2305 collegia
1036 2221 1170 2305 singula
1203 2241 1263 2305 per

150 2329 387 2407 procuratores
420 2324 580 2408 singulos,
608 2324 786 2408 clerusque
818 2343 878 2406 per
910 2323 997 2388 duos
1024 2332 1262 2408 procuratores

150 2427 357 2490 sufficienter
378 2428 563 2490 instructos
586 2428 724 2511 plenam
746 2434 780 2490 et
802 2427 1028 2493 sufficientem
1051 2435 1261 2512 potestatem

150 2532 195 2594 ab
224 2531 305 2613 ipsis
334 2531 540 2605 obtinentes,
571 2531 800 2614 compareatis
829 2538 863 2594 et
894 2541 1116 2616 compareant
1145 2554 1261 2599 coram

151 2635 250 2697 nobis
266 2655 325 2698 seu
342 2635 468 2698 nostris
484 2634 730 2698 Commissariis
744 2634 899 2718 pluribus
912 2643 972 2700 aut
986 2658 1055 2701 uno
1072 2638 1106 2701 in
1123 2638 1263 2702 ecclesia

152 2746 270 2802 nostra
302 2738 497 2802 Cathedrali
531 2746 565 2802 et
599 2739 851 2821 metropolitica
885 2739 987 2805 Ebor.
1022 2740 1076 2804 die
1108 2742 1263 2807 Mercurii

153 2843 309 2925 proximo
346 2850 424 2926 post
464 2843 588 2906 festum
626 2844 736 2907 sancti
775 2843 943 2908 Matthaei
981 2846 1127 2928 apostoli
1167 2846 1263 2929 (23rd

154 2946 379 3029 September),
404 2953 468 3010 etc.
495 2947 566 3028 (the
589 2948 780 3011 remainder
802 2949 903 3033 being
925 2970 944 3012 a
967 2969 1126 3014 common
1149 2950 1262 3033 form).

155 3052 285 3116 Datum
305 3050 398 3134 apud
418 3051 533 3133 Thorp
555 3051 656 3134 juxta
681 3052 782 3115 Ebor.
805 3062 840 3135 7⁰
860 3053 946 3136 Aug.
971 3071 1052 3135 1422
1073 3061 1107 3117 et
1127 3061 1265 3119 nostrae

157 3157 391 3219 translationis
410 3170 483 3220 xv0.

677 3373 769 3439 LIX.

278 3538 401 3597 lxxxix.
446 3539 473 3596 Α
501 3538 652 3597 Mandate
677 3538 757 3597 from
782 3539 982 3619 Archbishop
1008 3540 1119 3621 Henry
1143 3543 1265 3614 Bowet,

197 3634 283 3713 early
309 3634 340 3693 in
368 3651 454 3711 1423,
480 3633 626 3693 contains
651 3652 691 3693 an
716 3643 853 3696 account
877 3636 911 3696 of
935 3636 989 3697 the
1012 3657 1083 3717 way
1107 3639 1138 3698 in
1163 3640 1266 3700 which

198 3731 429 3790 Ambassadors
456 3730 700 3790 commissioned
729 3738 762 3791 to
789 3733 842 3792 the
869 3732 1003 3793 General
1029 3735 1160 3795 Council
1186 3755 1266 3796 were

200 3827 282 3904 paid.
327 3826 402 3886 This
434 3825 565 3886 Council
597 3845 661 3886 was
693 3828 881 3888 summoned
914 3836 947 3888 to
979 3837 1062 3890 meet
1092 3837 1126 3891 at
1156 3831 1266 3902 Pavia,

200 3924 262 3983 and
280 3943 343 3983 was
361 3922 548 3983 afterwards
567 3923 760 3983 transferred
779 3930 813 3983 to
831 3924 933 3984 Siena.
979 3926 1009 3986 It
1026 3945 1090 3987 was
1108 3927 1268 3988 dissolved

202 4017 231 4075 in
254 4035 340 4095 1424,
360 4018 439 4078 with
457 4038 497 4079 an
517 4019 619 4086 order,
640 4019 743 4078 which
763 4020 871 4079 makes
891 4020 915 4080 it
934 4040 953 4081 a
972 4022 1048 4082 kind
1066 4025 1100 4082 of
1118 4023 1268 4101 adjoum·

200 4122 300 4178 ment.
323 4122 358 4173 to
378 4121 461 4174 meet
481 4114 573 4191 again
594 4121 628 4174 at
649 4115 742 4175 Basle
762 4115 793 4175 in
815 4133 902 4194 1431.

241 4273 332 4349 [Peg.
352 4272 503 4352 Langley.
525 4273 684 4345 Dunelm„
705 4273 725 4332 f.
745 4276 828 4351 27ql.
