<?xml version="1.0" encoding="UTF-8"?>
<!DOCTYPE html PUBLIC "-//W3C//DTD XHTML 1.0 Transitional//EN"
    "http://www.w3.org/TR/xhtml1/DTD/xhtml1-transitional.dtd">
<html xmlns="http://www.w3.org/1999/xhtml" xml:lang="en" lang="en">
 <head>
  <title>
</title>
<meta http-equiv="Content-Type" content="text/html;charset=utf-8" />
  <meta name='ocr-system' content='tesseract 3.04.00' />
  <meta name='ocr-capabilities' content='ocr_page ocr_carea ocr_par ocr_line ocrx_word'/>
</head>
<body>
  <div class='ocr_page' id='page_1' title='image "./recordsnorthern00convgoog_0200.png"; bbox 0 0 2918 5010; ppageno 0'>
   <div class='ocr_carea' id='block_1_1' title="bbox 436 390 1241 473">
    <p class='ocr_par' dir='ltr' id='par_1_1' title="bbox 436 390 1241 473">
     <span class='ocr_line' id='line_1_1' title="bbox 436 390 1241 473; baseline 0.015 -17"><span class='ocrx_word' id='word_1_1' title='bbox 436 390 639 456; x_wconf 79' lang='lat' dir='ltr'>Neururuu</span> <span class='ocrx_word' id='word_1_2' title='bbox 672 392 942 458; x_wconf 76' lang='lat' dir='ltr'>Convocarrou.</span> <span class='ocrx_word' id='word_1_3' title='bbox 1200 406 1241 473; x_wconf 82' lang='lat'>73</span> 
     </span>
    </p>
   </div>
   <div class='ocr_carea' id='block_1_2' title="bbox 171 567 1241 1320">
    <p class='ocr_par' dir='ltr' id='par_1_2' title="bbox 171 567 1241 1320">
     <span class='ocr_line' id='line_1_2' title="bbox 175 567 1240 649; baseline 0 -22"><span class='ocrx_word' id='word_1_4' title='bbox 175 567 228 627; x_wconf 90' lang='lat' dir='ltr'>the</span> <span class='ocrx_word' id='word_1_5' title='bbox 248 568 341 628; x_wconf 83' lang='lat' dir='ltr'>tenth</span> <span class='ocrx_word' id='word_1_6' title='bbox 362 587 437 646; x_wconf 83' lang='lat' dir='ltr'>year</span> <span class='ocrx_word' id='word_1_7' title='bbox 457 568 491 628; x_wconf 92' lang='lat' dir='ltr'>ol</span> <span class='ocrx_word' id='word_1_8' title='bbox 512 569 650 629; x_wconf 89' lang='lat' dir='ltr'>Edward</span> <span class='ocrx_word' id='word_1_9' title='bbox 673 570 746 642; x_wconf 89' lang='lat' dir='ltr'>lll;</span> <span class='ocrx_word' id='word_1_10' title='bbox 771 570 794 629; x_wconf 86' lang='lat' dir='ltr'>it</span> <span class='ocrx_word' id='word_1_11' title='bbox 816 570 892 630; x_wconf 86' lang='lat' dir='ltr'>does</span> <span class='ocrx_word' id='word_1_12' title='bbox 914 576 970 630; x_wconf 91' lang='lat' dir='ltr'>not</span> <span class='ocrx_word' id='word_1_13' title='bbox 992 589 1112 649; x_wconf 80' lang='lat' dir='ltr'>appear</span> <span class='ocrx_word' id='word_1_14' title='bbox 1132 569 1164 628; x_wconf 91' lang='lat' dir='ltr'>in</span> <span class='ocrx_word' id='word_1_15' title='bbox 1186 568 1240 628; x_wconf 91' lang='lat' dir='ltr'>the</span> 
     </span>
     <span class='ocr_line' id='line_1_3' title="bbox 174 663 1241 746; baseline -0.001 -23"><span class='ocrx_word' id='word_1_16' title='bbox 174 663 259 724; x_wconf 91' lang='lat' dir='ltr'>Rolls</span> <span class='ocrx_word' id='word_1_17' title='bbox 283 664 317 724; x_wconf 93' lang='lat' dir='ltr'>ol</span> <span class='ocrx_word' id='word_1_18' title='bbox 341 665 411 724; x_wconf 89' lang='lat' dir='ltr'>that</span> <span class='ocrx_word' id='word_1_19' title='bbox 435 684 532 744; x_wconf 88' lang='lat' dir='ltr'>year;</span> <span class='ocrx_word' id='word_1_20' title='bbox 559 667 622 726; x_wconf 90' lang='lat' dir='ltr'>aud</span> <span class='ocrx_word' id='word_1_21' title='bbox 649 667 680 726; x_wconf 92' lang='lat' dir='ltr'>in</span> <span class='ocrx_word' id='word_1_22' title='bbox 706 684 782 746; x_wconf 82' lang='lat'>1337</span> <span class='ocrx_word' id='word_1_23' title='bbox 816 686 857 727; x_wconf 90' lang='lat' dir='ltr'>no</span> <span class='ocrx_word' id='word_1_24' title='bbox 886 667 1005 728; x_wconf 86' lang='lat' dir='ltr'>serious</span> <span class='ocrx_word' id='word_1_25' title='bbox 1031 666 1155 726; x_wconf 85' lang='lat' dir='ltr'>trouble</span> <span class='ocrx_word' id='word_1_26' title='bbox 1176 683 1241 723; x_wconf 81' lang='lat' dir='ltr'>was</span> 
     </span>
     <span class='ocr_line' id='line_1_4' title="bbox 173 759 1241 839; baseline -0.001 -20"><span class='ocrx_word' id='word_1_27' title='bbox 173 759 356 839; x_wconf 86' lang='lat' dir='ltr'>impending</span> <span class='ocrx_word' id='word_1_28' title='bbox 388 762 468 821; x_wconf 93' lang='lat' dir='ltr'>lrom</span> <span class='ocrx_word' id='word_1_29' title='bbox 499 761 661 822; x_wconf 84' lang='lat' dir='ltr'>Scotlaud.</span> <span class='ocrx_word' id='word_1_30' title='bbox 706 764 808 823; x_wconf 85' lang='lat' dir='ltr'>When</span> <span class='ocrx_word' id='word_1_31' title='bbox 842 764 854 822; x_wconf 97' lang='lat' dir='ltr'>l</span> <span class='ocrx_word' id='word_1_32' title='bbox 887 763 1025 823; x_wconf 82' lang='lat' dir='ltr'>collated</span> <span class='ocrx_word' id='word_1_33' title='bbox 1056 760 1241 821; x_wconf 85' lang='lat' dir='ltr'>Wharton&#39;s</span> 
     </span>
     <span class='ocr_line' id='line_1_5' title="bbox 172 856 1240 938; baseline -0.001 -23"><span class='ocrx_word' id='word_1_34' title='bbox 172 876 254 936; x_wconf 92' lang='lat' dir='ltr'>copy</span> <span class='ocrx_word' id='word_1_35' title='bbox 265 856 344 917; x_wconf 87' lang='lat' dir='ltr'>with</span> <span class='ocrx_word' id='word_1_36' title='bbox 358 858 412 918; x_wconf 91' lang='lat' dir='ltr'>the</span> <span class='ocrx_word' id='word_1_37' title='bbox 424 858 571 937; x_wconf 84' lang='lat' dir='ltr'>Register</span> <span class='ocrx_word' id='word_1_38' title='bbox 582 859 615 918; x_wconf 88' lang='lat' dir='ltr'>ol</span> <span class='ocrx_word' id='word_1_39' title='bbox 627 859 713 936; x_wconf 90' lang='lat' dir='ltr'>John</span> <span class='ocrx_word' id='word_1_40' title='bbox 726 859 760 918; x_wconf 88' lang='lat' dir='ltr'>ol</span> <span class='ocrx_word' id='word_1_41' title='bbox 772 859 909 938; x_wconf 87' lang='lat' dir='ltr'>Kirkby,</span> <span class='ocrx_word' id='word_1_42' title='bbox 924 859 1044 937; x_wconf 89' lang='lat' dir='ltr'>Bishop</span> <span class='ocrx_word' id='word_1_43' title='bbox 1055 860 1089 919; x_wconf 90' lang='lat' dir='ltr'>ol</span> <span class='ocrx_word' id='word_1_44' title='bbox 1100 856 1240 926; x_wconf 87' lang='lat' dir='ltr'>Carlisle‚</span> 
     </span>
     <span class='ocr_line' id='line_1_6' title="bbox 174 952 1241 1032; baseline -0.001 -20"><span class='ocrx_word' id='word_1_45' title='bbox 174 952 186 1012; x_wconf 95' lang='lat'>1</span> <span class='ocrx_word' id='word_1_46' title='bbox 207 953 305 1014; x_wconf 91' lang='lat' dir='ltr'>lound</span> <span class='ocrx_word' id='word_1_47' title='bbox 324 954 396 1014; x_wconf 86' lang='lat' dir='ltr'>that</span> <span class='ocrx_word' id='word_1_48' title='bbox 415 953 572 1014; x_wconf 90' lang='lat' dir='ltr'>Wharton</span> <span class='ocrx_word' id='word_1_49' title='bbox 591 955 655 1014; x_wconf 89' lang='lat' dir='ltr'>had</span> <span class='ocrx_word' id='word_1_50' title='bbox 672 955 810 1016; x_wconf 79' lang='lat' dir='ltr'>omitted</span> <span class='ocrx_word' id='word_1_51' title='bbox 830 956 884 1015; x_wconf 89' lang='lat' dir='ltr'>the</span> <span class='ocrx_word' id='word_1_52' title='bbox 903 955 988 1026; x_wconf 90' lang='lat' dir='ltr'>date,</span> <span class='ocrx_word' id='word_1_53' title='bbox 1007 955 1025 978; x_wconf 85' lang='lat'>‘⁴</span> <span class='ocrx_word' id='word_1_54' title='bbox 1040 956 1134 1015; x_wconf 88' lang='lat' dir='ltr'>Anno</span> <span class='ocrx_word' id='word_1_55' title='bbox 1154 952 1241 1032; x_wconf 86' lang='lat' dir='ltr'>regui</span> 
     </span>
     <span class='ocr_line' id='line_1_7' title="bbox 172 1049 1240 1130; baseline 0 -22"><span class='ocrx_word' id='word_1_56' title='bbox 172 1049 271 1110; x_wconf 87' lang='lat' dir='ltr'>nostri</span> <span class='ocrx_word' id='word_1_57' title='bbox 285 1050 449 1122; x_wconf 82' lang='lat' dir='ltr'>secundo‚”</span> <span class='ocrx_word' id='word_1_58' title='bbox 467 1051 569 1110; x_wconf 81' lang='lat' dir='ltr'>which</span> <span class='ocrx_word' id='word_1_59' title='bbox 589 1051 696 1130; x_wconf 90' lang='lat' dir='ltr'>brings</span> <span class='ocrx_word' id='word_1_60' title='bbox 713 1052 767 1111; x_wconf 90' lang='lat' dir='ltr'>the</span> <span class='ocrx_word' id='word_1_61' title='bbox 783 1051 864 1111; x_wconf 90' lang='lat' dir='ltr'>Writ</span> <span class='ocrx_word' id='word_1_62' title='bbox 882 1052 963 1111; x_wconf 86' lang='lat' dir='ltr'>back</span> <span class='ocrx_word' id='word_1_63' title='bbox 980 1059 1013 1110; x_wconf 89' lang='lat' dir='ltr'>to</span> <span class='ocrx_word' id='word_1_64' title='bbox 1029 1052 1083 1111; x_wconf 91' lang='lat' dir='ltr'>the</span> <span class='ocrx_word' id='word_1_65' title='bbox 1098 1054 1240 1110; x_wconf 88' lang='lat' dir='ltr'>moment</span> 
     </span>
     <span class='ocr_line' id='line_1_8' title="bbox 171 1145 1241 1225; baseline 0 -20"><span class='ocrx_word' id='word_1_66' title='bbox 171 1153 205 1205; x_wconf 90' lang='lat' dir='ltr'>at</span> <span class='ocrx_word' id='word_1_67' title='bbox 227 1145 330 1206; x_wconf 89' lang='lat' dir='ltr'>which</span> <span class='ocrx_word' id='word_1_68' title='bbox 356 1147 409 1206; x_wconf 90' lang='lat' dir='ltr'>the</span> <span class='ocrx_word' id='word_1_69' title='bbox 431 1146 532 1207; x_wconf 91' lang='lat' dir='ltr'>whole</span> <span class='ocrx_word' id='word_1_70' title='bbox 558 1147 661 1207; x_wconf 86' lang='lat' dir='ltr'>North</span> <span class='ocrx_word' id='word_1_71' title='bbox 688 1148 722 1207; x_wconf 88' lang='lat' dir='ltr'>ol</span> <span class='ocrx_word' id='word_1_72' title='bbox 747 1147 894 1225; x_wconf 86' lang='lat' dir='ltr'>England</span> <span class='ocrx_word' id='word_1_73' title='bbox 923 1167 987 1207; x_wconf 81' lang='lat' dir='ltr'>was</span> <span class='ocrx_word' id='word_1_74' title='bbox 1013 1146 1141 1225; x_wconf 86' lang='lat' dir='ltr'>looking</span> <span class='ocrx_word' id='word_1_75' title='bbox 1163 1146 1241 1206; x_wconf 91' lang='lat' dir='ltr'>with</span> 
     </span>
     <span class='ocr_line' id='line_1_9' title="bbox 171 1242 855 1320; baseline 0.003 -19"><span class='ocrx_word' id='word_1_76' title='bbox 171 1242 403 1320; x_wconf 86' lang='lat' dir='ltr'>apprehension</span> <span class='ocrx_word' id='word_1_77' title='bbox 423 1244 507 1303; x_wconf 88' lang='lat' dir='ltr'>lora</span> <span class='ocrx_word' id='word_1_78' title='bbox 526 1243 668 1304; x_wconf 87' lang='lat' dir='ltr'>Scottish</span> <span class='ocrx_word' id='word_1_79' title='bbox 687 1244 855 1304; x_wconf 87' lang='lat' dir='ltr'>incursion.</span> 
     </span>
    </p>
   </div>
   <div class='ocr_carea' id='block_1_3' title="bbox 627 1480 763 1544">
    <p class='ocr_par' dir='ltr' id='par_1_3' title="bbox 627 1480 763 1544">
     <span class='ocr_line' id='line_1_10' title="bbox 627 1480 763 1544; baseline 0.007 -1"><span class='ocrx_word' id='word_1_80' title='bbox 627 1480 763 1544; x_wconf 94' lang='lat' dir='ltr'><strong>XXXl.</strong></span> 
     </span>
    </p>
   </div>
   <div class='ocr_carea' id='block_1_4' title="bbox 132 1632 1170 1716">
    <p class='ocr_par' dir='ltr' id='par_1_4' title="bbox 132 1632 1170 1716">
     <span class='ocr_line' id='line_1_11' title="bbox 132 1632 1170 1716; baseline 0.004 -20"><span class='ocrx_word' id='word_1_81' title='bbox 132 1632 161 1696; x_wconf 87' lang='grc' dir='ltr'>Α</span> <span class='ocrx_word' id='word_1_82' title='bbox 181 1633 286 1698; x_wconf 86' lang='lat' dir='ltr'>er</span> <span class='ocrx_word' id='word_1_83' title='bbox 307 1651 374 1698; x_wconf 82' lang='lat' dir='ltr'>rou</span> <span class='ocrx_word' id='word_1_84' title='bbox 394 1651 440 1697; x_wconf 77' lang='lat' dir='ltr'>nu</span> <span class='ocrx_word' id='word_1_85' title='bbox 464 1651 527 1698; x_wconf 81' lang='lat' dir='ltr'>uu)</span> <span class='ocrx_word' id='word_1_86' title='bbox 547 1651 701 1698; x_wconf 78' lang='lat' dir='ltr'>numusr</span> <span class='ocrx_word' id='word_1_87' title='bbox 721 1651 792 1698; x_wconf 76' lang='lat' dir='ltr'>rue</span> <span class='ocrx_word' id='word_1_88' title='bbox 813 1634 933 1699; x_wconf 83' lang='lat' dir='ltr'>Scors.</span> <span class='ocrx_word' id='word_1_89' title='bbox 981 1652 1052 1698; x_wconf 72' lang='lat' dir='ltr'>ab.</span> <span class='ocrx_word' id='word_1_90' title='bbox 1077 1653 1170 1716; x_wconf 78' lang='lat'>1327.</span> 
     </span>
    </p>
   </div>
   <div class='ocr_carea' id='block_1_5' title="bbox 211 1784 949 1864">
    <p class='ocr_par' dir='ltr' id='par_1_5' title="bbox 211 1784 949 1864">
     <span class='ocr_line' id='line_1_12' title="bbox 211 1784 949 1864; baseline 0.003 -21"><span class='ocrx_word' id='word_1_91' title='bbox 211 1784 303 1861; x_wconf 82' lang='lat' dir='ltr'>[lleg.</span> <span class='ocrx_word' id='word_1_92' title='bbox 323 1784 396 1861; x_wconf 89' lang='lat' dir='ltr'>Joh.</span> <span class='ocrx_word' id='word_1_93' title='bbox 416 1784 456 1844; x_wconf 91' lang='lat' dir='ltr'>de</span> <span class='ocrx_word' id='word_1_94' title='bbox 476 1784 612 1863; x_wconf 84' lang='lat' dir='ltr'>Kirkby‚</span> <span class='ocrx_word' id='word_1_95' title='bbox 633 1785 692 1862; x_wconf 85' lang='lat' dir='ltr'>Ep.</span> <span class='ocrx_word' id='word_1_96' title='bbox 712 1784 805 1845; x_wconf 83' lang='lat' dir='ltr'>Cari..</span> <span class='ocrx_word' id='word_1_97' title='bbox 826 1785 846 1845; x_wconf 89' lang='lat' dir='ltr'>l.</span> <span class='ocrx_word' id='word_1_98' title='bbox 866 1788 949 1864; x_wconf 69' lang='lat'>3271.</span> 
     </span>
    </p>
   </div>
   <div class='ocr_carea' id='block_1_6' title="bbox 131 1933 1241 2332">
    <p class='ocr_par' dir='ltr' id='par_1_6' title="bbox 131 1933 1241 2332">
     <span class='ocr_line' id='line_1_13' title="bbox 219 1933 1241 2019; baseline -0.001 -23"><span class='ocrx_word' id='word_1_99' title='bbox 219 1933 409 1997; x_wconf 86' lang='lat' dir='ltr'>Edwardus</span> <span class='ocrx_word' id='word_1_100' title='bbox 462 1934 525 1997; x_wconf 90' lang='lat' dir='ltr'>Dei</span> <span class='ocrx_word' id='word_1_101' title='bbox 578 1934 689 2018; x_wconf 83' lang='lat' dir='ltr'>gratia</span> <span class='ocrx_word' id='word_1_102' title='bbox 746 1934 819 1997; x_wconf 87' lang='lat' dir='ltr'>Rex</span> <span class='ocrx_word' id='word_1_103' title='bbox 875 1934 1017 2019; x_wconf 87' lang='lat' dir='ltr'>Augliae</span> <span class='ocrx_word' id='word_1_104' title='bbox 1072 1935 1241 1998; x_wconf 78' lang='lat' dir='ltr'>Dominus</span> 
     </span>
     <span class='ocr_line' id='line_1_14' title="bbox 133 2037 1240 2122; baseline 0.001 -22"><span class='ocrx_word' id='word_1_105' title='bbox 133 2037 317 2102; x_wconf 84' lang='lat' dir='ltr'>Hiberniae</span> <span class='ocrx_word' id='word_1_106' title='bbox 338 2046 373 2101; x_wconf 91' lang='lat' dir='ltr'>et</span> <span class='ocrx_word' id='word_1_107' title='bbox 396 2039 476 2103; x_wconf 90' lang='lat' dir='ltr'>Dux</span> <span class='ocrx_word' id='word_1_108' title='bbox 498 2038 706 2122; x_wconf 87' lang='lat' dir='ltr'>Aquitaniae</span> <span class='ocrx_word' id='word_1_109' title='bbox 728 2038 914 2103; x_wconf 80' lang='lat' dir='ltr'>venerabili</span> <span class='ocrx_word' id='word_1_110' title='bbox 937 2039 970 2102; x_wconf 93' lang='lat' dir='ltr'>in</span> <span class='ocrx_word' id='word_1_111' title='bbox 993 2038 1128 2103; x_wconf 80' lang='lat' dir='ltr'>Christo</span> <span class='ocrx_word' id='word_1_112' title='bbox 1150 2037 1240 2122; x_wconf 87' lang='lat' dir='ltr'>patri</span> 
     </span>
     <span class='ocr_line' id='line_1_15' title="bbox 132 2141 1240 2227; baseline 0.001 -22"><span class='ocrx_word' id='word_1_113' title='bbox 132 2141 314 2223; x_wconf 85' lang='lat' dir='ltr'>W[illehno</span> <span class='ocrx_word' id='word_1_114' title='bbox 335 2142 377 2206; x_wconf 94' lang='lat' dir='ltr'>de</span> <span class='ocrx_word' id='word_1_115' title='bbox 403 2142 543 2224; x_wconf 74' lang='lat' dir='ltr'>Meltonl</span> <span class='ocrx_word' id='word_1_116' title='bbox 571 2144 691 2207; x_wconf 90' lang='lat' dir='ltr'>eadem</span> <span class='ocrx_word' id='word_1_117' title='bbox 715 2144 826 2227; x_wconf 85' lang='lat' dir='ltr'>gratia</span> <span class='ocrx_word' id='word_1_118' title='bbox 853 2142 1107 2226; x_wconf 84' lang='lat' dir='ltr'>archiepiscopo</span> <span class='ocrx_word' id='word_1_119' title='bbox 1135 2143 1240 2207; x_wconf 86' lang='lat' dir='ltr'>Ebor-</span> 
     </span>
     <span class='ocr_line' id='line_1_16' title="bbox 131 2245 736 2332; baseline 0 -21"><span class='ocrx_word' id='word_1_120' title='bbox 131 2246 242 2311; x_wconf 88' lang='lat' dir='ltr'>acensi</span> <span class='ocrx_word' id='word_1_121' title='bbox 259 2245 403 2332; x_wconf 88' lang='lat' dir='ltr'>Angliae</span> <span class='ocrx_word' id='word_1_122' title='bbox 420 2247 559 2331; x_wconf 89' lang='lat' dir='ltr'>primati</span> <span class='ocrx_word' id='word_1_123' title='bbox 576 2248 736 2312; x_wconf 89' lang='lat' dir='ltr'>salutem.</span> 
     </span>
    </p>
   </div>
   <div class='ocr_carea' id='block_1_7' title="bbox 129 2389 1241 4559">
    <p class='ocr_par' dir='ltr' id='par_1_7' title="bbox 129 2389 1241 4559">
     <span class='ocr_line' id='line_1_17' title="bbox 219 2389 1241 2473; baseline 0 -20"><span class='ocrx_word' id='word_1_124' title='bbox 219 2389 375 2473; x_wconf 83' lang='lat' dir='ltr'>Regnum</span> <span class='ocrx_word' id='word_1_125' title='bbox 403 2396 438 2452; x_wconf 87' lang='lat' dir='ltr'>et</span> <span class='ocrx_word' id='word_1_126' title='bbox 466 2390 698 2454; x_wconf 88' lang='lat' dir='ltr'>sacerdotium</span> <span class='ocrx_word' id='word_1_127' title='bbox 727 2389 822 2453; x_wconf 80' lang='lat' dir='ltr'>velut</span> <span class='ocrx_word' id='word_1_128' title='bbox 851 2391 896 2453; x_wconf 91' lang='lat' dir='ltr'>ab</span> <span class='ocrx_word' id='word_1_129' title='bbox 924 2411 993 2454; x_wconf 89' lang='lat' dir='ltr'>uno</span> <span class='ocrx_word' id='word_1_130' title='bbox 1021 2390 1241 2473; x_wconf 86' lang='lat' dir='ltr'>procedentia</span> 
     </span>
     <span class='ocr_line' id='line_1_18' title="bbox 133 2493 1240 2576; baseline 0.002 -20"><span class='ocrx_word' id='word_1_131' title='bbox 133 2493 298 2576; x_wconf 90' lang='lat' dir='ltr'>principio</span> <span class='ocrx_word' id='word_1_132' title='bbox 326 2493 408 2575; x_wconf 89' lang='lat' dir='ltr'>Jesu</span> <span class='ocrx_word' id='word_1_133' title='bbox 435 2493 581 2568; x_wconf 81' lang='lat' dir='ltr'>Christo,</span> <span class='ocrx_word' id='word_1_134' title='bbox 606 2493 699 2558; x_wconf 91' lang='lat' dir='ltr'>illam</span> <span class='ocrx_word' id='word_1_135' title='bbox 721 2494 785 2557; x_wconf 88' lang='lat' dir='ltr'>sibi</span> <span class='ocrx_word' id='word_1_136' title='bbox 809 2494 994 2559; x_wconf 86' lang='lat' dir='ltr'>vendicant</span> <span class='ocrx_word' id='word_1_137' title='bbox 1018 2495 1178 2559; x_wconf 89' lang='lat' dir='ltr'>unionem</span> <span class='ocrx_word' id='word_1_138' title='bbox 1202 2500 1240 2558; x_wconf 90' lang='lat' dir='ltr'>ut</span> 
     </span>
     <span class='ocr_line' id='line_1_19' title="bbox 132 2597 1241 2683; baseline 0.005 -24"><span class='ocrx_word' id='word_1_139' title='bbox 132 2597 164 2661; x_wconf 91' lang='lat' dir='ltr'>in</span> <span class='ocrx_word' id='word_1_140' title='bbox 207 2598 527 2681; x_wconf 85' lang='lat' dir='ltr'>opportunitatibus</span> <span class='ocrx_word' id='word_1_141' title='bbox 570 2598 774 2662; x_wconf 87' lang='lat' dir='ltr'>alterutrum</span> <span class='ocrx_word' id='word_1_142' title='bbox 813 2599 987 2683; x_wconf 85' lang='lat' dir='ltr'>gaudeant</span> <span class='ocrx_word' id='word_1_143' title='bbox 1028 2620 1064 2662; x_wconf 88' lang='lat' dir='ltr'>se</span> <span class='ocrx_word' id='word_1_144' title='bbox 1111 2599 1241 2664; x_wconf 90' lang='lat' dir='ltr'>mutuis</span> 
     </span>
     <span class='ocr_line' id='line_1_20' title="bbox 132 2701 1240 2787; baseline 0.004 -24"><span class='ocrx_word' id='word_1_145' title='bbox 132 2701 293 2765; x_wconf 88' lang='lat' dir='ltr'>subsidiis</span> <span class='ocrx_word' id='word_1_146' title='bbox 310 2701 519 2785; x_wconf 86' lang='lat' dir='ltr'>praevenire,</span> <span class='ocrx_word' id='word_1_147' title='bbox 540 2723 619 2766; x_wconf 90' lang='lat' dir='ltr'>cum</span> <span class='ocrx_word' id='word_1_148' title='bbox 640 2723 781 2787; x_wconf 88' lang='lat' dir='ltr'>regnum</span> <span class='ocrx_word' id='word_1_149' title='bbox 803 2704 1013 2767; x_wconf 86' lang='lat' dir='ltr'>auctoritate</span> <span class='ocrx_word' id='word_1_150' title='bbox 1032 2703 1240 2768; x_wconf 89' lang='lat' dir='ltr'>sacerdotali</span> 
     </span>
     <span class='ocr_line' id='line_1_21' title="bbox 132 2804 1241 2891; baseline 0.004 -24"><span class='ocrx_word' id='word_1_151' title='bbox 132 2804 299 2891; x_wconf 85' lang='lat' dir='ltr'>dirigatur</span> <span class='ocrx_word' id='word_1_152' title='bbox 315 2805 541 2890; x_wconf 87' lang='lat' dir='ltr'>spiritualiter</span> <span class='ocrx_word' id='word_1_153' title='bbox 559 2807 603 2871; x_wconf 89' lang='lat' dir='ltr'>ad</span> <span class='ocrx_word' id='word_1_154' title='bbox 621 2806 780 2880; x_wconf 84' lang='lat' dir='ltr'>salutem,</span> <span class='ocrx_word' id='word_1_155' title='bbox 799 2814 832 2870; x_wconf 90' lang='lat' dir='ltr'>et</span> <span class='ocrx_word' id='word_1_156' title='bbox 852 2807 1082 2871; x_wconf 89' lang='lat' dir='ltr'>sacerdotium</span> <span class='ocrx_word' id='word_1_157' title='bbox 1101 2807 1241 2871; x_wconf 91' lang='lat' dir='ltr'>brachio</span> 
     </span>
     <span class='ocr_line' id='line_1_22' title="bbox 131 2910 1240 2996; baseline 0.001 -23"><span class='ocrx_word' id='word_1_158' title='bbox 131 2910 239 2994; x_wconf 86' lang='lat' dir='ltr'>regiae</span> <span class='ocrx_word' id='word_1_159' title='bbox 263 2910 441 2994; x_wconf 89' lang='lat' dir='ltr'>potentiae</span> <span class='ocrx_word' id='word_1_160' title='bbox 466 2910 702 2994; x_wconf 88' lang='lat' dir='ltr'>temporaliter</span> <span class='ocrx_word' id='word_1_161' title='bbox 725 2910 940 2975; x_wconf 76' lang='lat' dir='ltr'>defendetur.</span> <span class='ocrx_word' id='word_1_162' title='bbox 989 2913 1114 2975; x_wconf 89' lang='lat' dir='ltr'>Vestra</span> <span class='ocrx_word' id='word_1_163' title='bbox 1137 2912 1240 2996; x_wconf 92' lang='lat' dir='ltr'>siqui-</span> 
     </span>
     <span class='ocr_line' id='line_1_23' title="bbox 129 3013 1240 3098; baseline 0.002 -21"><span class='ocrx_word' id='word_1_164' title='bbox 129 3013 206 3078; x_wconf 88' lang='lat' dir='ltr'>dem</span> <span class='ocrx_word' id='word_1_165' title='bbox 229 3014 420 3098; x_wconf 90' lang='lat' dir='ltr'>patemitas</span> <span class='ocrx_word' id='word_1_166' title='bbox 442 3015 528 3078; x_wconf 90' lang='lat' dir='ltr'>bene</span> <span class='ocrx_word' id='word_1_167' title='bbox 549 3015 646 3078; x_wconf 90' lang='lat' dir='ltr'>novit</span> <span class='ocrx_word' id='word_1_168' title='bbox 668 3015 818 3098; x_wconf 89' lang='lat' dir='ltr'>qualiter</span> <span class='ocrx_word' id='word_1_169' title='bbox 839 3015 884 3079; x_wconf 89' lang='lat' dir='ltr'>ad</span> <span class='ocrx_word' id='word_1_170' title='bbox 906 3021 1021 3098; x_wconf 88' lang='lat' dir='ltr'>partes</span> <span class='ocrx_word' id='word_1_171' title='bbox 1043 3016 1177 3080; x_wconf 86' lang='lat' dir='ltr'>Scotiae</span> <span class='ocrx_word' id='word_1_172' title='bbox 1198 3017 1240 3080; x_wconf 94' lang='lat' dir='ltr'>de</span> 
     </span>
     <span class='ocr_line' id='line_1_24' title="bbox 129 3118 1241 3203; baseline -0.001 -20"><span class='ocrx_word' id='word_1_173' title='bbox 129 3126 244 3183; x_wconf 84' lang='lat' dir='ltr'>vestro</span> <span class='ocrx_word' id='word_1_174' title='bbox 263 3126 297 3182; x_wconf 90' lang='lat' dir='ltr'>et</span> <span class='ocrx_word' id='word_1_175' title='bbox 320 3118 464 3183; x_wconf 91' lang='lat' dir='ltr'>aliorum</span> <span class='ocrx_word' id='word_1_176' title='bbox 483 3120 715 3202; x_wconf 85' lang='lat' dir='ltr'>praelatorum</span> <span class='ocrx_word' id='word_1_177' title='bbox 736 3141 776 3184; x_wconf 90' lang='lat' dir='ltr'>ac</span> <span class='ocrx_word' id='word_1_178' title='bbox 795 3126 999 3203; x_wconf 88' lang='lat' dir='ltr'>magnatum</span> <span class='ocrx_word' id='word_1_179' title='bbox 1020 3119 1112 3203; x_wconf 89' lang='lat' dir='ltr'>regni</span> <span class='ocrx_word' id='word_1_180' title='bbox 1133 3120 1241 3184; x_wconf 89' lang='lat' dir='ltr'>nostri</span> 
     </span>
     <span class='ocr_line' id='line_1_25' title="bbox 130 3223 1241 3306; baseline 0.002 -19"><span class='ocrx_word' id='word_1_181' title='bbox 130 3223 270 3288; x_wconf 90' lang='lat' dir='ltr'>consilio</span> <span class='ocrx_word' id='word_1_182' title='bbox 290 3223 335 3287; x_wconf 90' lang='lat' dir='ltr'>ad</span> <span class='ocrx_word' id='word_1_183' title='bbox 354 3224 641 3306; x_wconf 87' lang='lat' dir='ltr'>compescendum</span> <span class='ocrx_word' id='word_1_184' title='bbox 665 3225 846 3289; x_wconf 88' lang='lat' dir='ltr'>Scotorum</span> <span class='ocrx_word' id='word_1_185' title='bbox 871 3224 1084 3288; x_wconf 90' lang='lat' dir='ltr'>inimicorum</span> <span class='ocrx_word' id='word_1_186' title='bbox 1109 3231 1241 3290; x_wconf 84' lang='lat' dir='ltr'>nostro·</span> 
     </span>
     <span class='ocr_line' id='line_1_26' title="bbox 131 3327 1241 3412; baseline 0.001 -21"><span class='ocrx_word' id='word_1_187' title='bbox 131 3348 204 3392; x_wconf 91' lang='lat' dir='ltr'>rum</span> <span class='ocrx_word' id='word_1_188' title='bbox 224 3327 483 3411; x_wconf 84' lang='lat' dir='ltr'>malitiam,·qui</span> <span class='ocrx_word' id='word_1_189' title='bbox 503 3336 625 3392; x_wconf 91' lang='lat' dir='ltr'>contra</span> <span class='ocrx_word' id='word_1_190' title='bbox 644 3350 705 3393; x_wconf 90' lang='lat' dir='ltr'>nos</span> <span class='ocrx_word' id='word_1_191' title='bbox 725 3328 852 3393; x_wconf 83' lang='lat' dir='ltr'>ibidem</span> <span class='ocrx_word' id='word_1_192' title='bbox 871 3328 913 3392; x_wconf 93' lang='lat' dir='ltr'>de</span> <span class='ocrx_word' id='word_1_193' title='bbox 931 3347 1053 3412; x_wconf 86' lang='lat' dir='ltr'>guerra</span> <span class='ocrx_word' id='word_1_194' title='bbox 1072 3327 1241 3392; x_wconf 88' lang='lat' dir='ltr'>hostiliter</span> 
     </span>
     <span class='ocr_line' id='line_1_27' title="bbox 130 3431 1239 3516; baseline 0 -22"><span class='ocrx_word' id='word_1_195' title='bbox 130 3438 360 3505; x_wconf 87' lang='lat' dir='ltr'>surrexerunt,</span> <span class='ocrx_word' id='word_1_196' title='bbox 382 3453 444 3495; x_wconf 91' lang='lat' dir='ltr'>nos</span> <span class='ocrx_word' id='word_1_197' title='bbox 463 3453 572 3516; x_wconf 90' lang='lat' dir='ltr'>nuper</span> <span class='ocrx_word' id='word_1_198' title='bbox 591 3454 696 3497; x_wconf 91' lang='lat' dir='ltr'>manu</span> <span class='ocrx_word' id='word_1_199' title='bbox 720 3433 800 3497; x_wconf 89' lang='lat' dir='ltr'>forti</span> <span class='ocrx_word' id='word_1_200' title='bbox 822 3432 1073 3505; x_wconf 72' lang='lat' dir='ltr'>transtulimus</span> <span class='ocrx_word' id='word_1_201' title='bbox 1095 3431 1239 3515; x_wconf 89' lang='lat' dir='ltr'>propriis</span> 
     </span>
     <span class='ocr_line' id='line_1_28' title="bbox 129 3535 1241 3621; baseline 0 -21"><span class='ocrx_word' id='word_1_202' title='bbox 129 3556 195 3600; x_wconf 92' lang='lat' dir='ltr'>non</span> <span class='ocrx_word' id='word_1_203' title='bbox 235 3544 414 3619; x_wconf 87' lang='lat' dir='ltr'>parcentes</span> <span class='ocrx_word' id='word_1_204' title='bbox 453 3536 637 3611; x_wconf 87' lang='lat' dir='ltr'>laboribus,</span> <span class='ocrx_word' id='word_1_205' title='bbox 678 3538 737 3601; x_wconf 88' lang='lat' dir='ltr'>sed</span> <span class='ocrx_word' id='word_1_206' title='bbox 777 3538 948 3602; x_wconf 86' lang='lat' dir='ltr'>infinitam</span> <span class='ocrx_word' id='word_1_207' title='bbox 984 3535 1241 3621; x_wconf 91' lang='lat' dir='ltr'>quodammodo</span> 
     </span>
     <span class='ocr_line' id='line_1_29' title="bbox 129 3641 1239 3725; baseline 0.001 -20"><span class='ocrx_word' id='word_1_208' title='bbox 129 3641 319 3723; x_wconf 87' lang='lat' dir='ltr'>pecuniam,</span> <span class='ocrx_word' id='word_1_209' title='bbox 349 3641 438 3704; x_wconf 89' lang='lat' dir='ltr'>sicut</span> <span class='ocrx_word' id='word_1_210' title='bbox 467 3641 632 3724; x_wconf 84' lang='lat' dir='ltr'>oportuit,</span> <span class='ocrx_word' id='word_1_211' title='bbox 663 3643 890 3716; x_wconf 82' lang='lat' dir='ltr'>effundentes,</span> <span class='ocrx_word' id='word_1_212' title='bbox 922 3649 959 3706; x_wconf 93' lang='lat' dir='ltr'>ut</span> <span class='ocrx_word' id='word_1_213' title='bbox 988 3641 1066 3725; x_wconf 86' lang='lat' dir='ltr'>jura</span> <span class='ocrx_word' id='word_1_214' title='bbox 1094 3660 1239 3706; x_wconf 89' lang='lat' dir='ltr'>coronae</span> 
     </span>
     <span class='ocr_line' id='line_1_30' title="bbox 129 3744 1239 3830; baseline 0.003 -23"><span class='ocrx_word' id='word_1_215' title='bbox 129 3752 264 3809; x_wconf 87' lang='lat' dir='ltr'>nostrae</span> <span class='ocrx_word' id='word_1_216' title='bbox 290 3744 550 3809; x_wconf 85' lang='lat' dir='ltr'>defenderemus</span> <span class='ocrx_word' id='word_1_217' title='bbox 577 3746 765 3830; x_wconf 88' lang='lat' dir='ltr'>magnifice,</span> <span class='ocrx_word' id='word_1_218' title='bbox 794 3768 833 3810; x_wconf 84' lang='lat' dir='ltr'>ac</span> <span class='ocrx_word' id='word_1_219' title='bbox 860 3746 1020 3810; x_wconf 87' lang='lat' dir='ltr'>ecclesiae</span> <span class='ocrx_word' id='word_1_220' title='bbox 1046 3752 1080 3810; x_wconf 92' lang='lat' dir='ltr'>et</span> <span class='ocrx_word' id='word_1_221' title='bbox 1106 3746 1239 3810; x_wconf 90' lang='lat' dir='ltr'>cunctis</span> 
     </span>
     <span class='ocr_line' id='line_1_31' title="bbox 129 3848 1238 3933; baseline 0.002 -21"><span class='ocrx_word' id='word_1_222' title='bbox 129 3849 253 3913; x_wconf 86' lang='lat' dir='ltr'>nostris</span> <span class='ocrx_word' id='word_1_223' title='bbox 271 3848 419 3912; x_wconf 87' lang='lat' dir='ltr'>subditis</span> <span class='ocrx_word' id='word_1_224' title='bbox 437 3849 563 3933; x_wconf 87' lang='lat' dir='ltr'>quietis</span> <span class='ocrx_word' id='word_1_225' title='bbox 583 3849 883 3933; x_wconf 90' lang='lat' dir='ltr'>pulchritudinem,</span> <span class='ocrx_word' id='word_1_226' title='bbox 898 3850 1050 3914; x_wconf 85' lang='lat' dir='ltr'>subactis</span> <span class='ocrx_word' id='word_1_227' title='bbox 1071 3851 1238 3925; x_wconf 87' lang='lat' dir='ltr'>hostibus,</span> 
     </span>
     <span class='ocr_line' id='line_1_32' title="bbox 130 3954 1240 4039; baseline 0.001 -22"><span class='ocrx_word' id='word_1_228' title='bbox 130 3972 334 4035; x_wconf 89' lang='lat' dir='ltr'>pararemus.</span> <span class='ocrx_word' id='word_1_229' title='bbox 383 3954 521 4027; x_wconf 90' lang='lat' dir='ltr'>Verum,</span> <span class='ocrx_word' id='word_1_230' title='bbox 538 3974 616 4018; x_wconf 87' lang='lat' dir='ltr'>cum</span> <span class='ocrx_word' id='word_1_231' title='bbox 633 3955 666 4018; x_wconf 93' lang='lat' dir='ltr'>in</span> <span class='ocrx_word' id='word_1_232' title='bbox 684 3975 860 4039; x_wconf 89' lang='lat' dir='ltr'>progressu</span> <span class='ocrx_word' id='word_1_233' title='bbox 878 3955 1034 4038; x_wconf 88' lang='lat' dir='ltr'>praelato</span> <span class='ocrx_word' id='word_1_234' title='bbox 1058 3955 1240 4019; x_wconf 88' lang='lat' dir='ltr'>thesaurus</span> 
     </span>
     <span class='ocr_line' id='line_1_33' title="bbox 129 4058 1239 4142; baseline 0.002 -21"><span class='ocrx_word' id='word_1_235' title='bbox 129 4065 243 4121; x_wconf 91' lang='lat' dir='ltr'>noster</span> <span class='ocrx_word' id='word_1_236' title='bbox 266 4058 451 4141; x_wconf 92' lang='lat' dir='ltr'>plurimum</span> <span class='ocrx_word' id='word_1_237' title='bbox 476 4058 521 4121; x_wconf 88' lang='lat' dir='ltr'>sit</span> <span class='ocrx_word' id='word_1_238' title='bbox 546 4060 745 4133; x_wconf 87' lang='lat' dir='ltr'>exhaustus,</span> <span class='ocrx_word' id='word_1_239' title='bbox 771 4065 805 4122; x_wconf 92' lang='lat' dir='ltr'>et</span> <span class='ocrx_word' id='word_1_240' title='bbox 830 4059 902 4142; x_wconf 89' lang='lat' dir='ltr'>jam</span> <span class='ocrx_word' id='word_1_241' title='bbox 928 4059 1108 4124; x_wconf 92' lang='lat' dir='ltr'>imminent</span> <span class='ocrx_word' id='word_1_242' title='bbox 1140 4059 1239 4123; x_wconf 90' lang='lat' dir='ltr'>nobis</span> 
     </span>
     <span class='ocr_line' id='line_1_34' title="bbox 130 4161 1238 4247; baseline 0.003 -23"><span class='ocrx_word' id='word_1_243' title='bbox 130 4161 316 4226; x_wconf 87' lang='lat' dir='ltr'>necessario</span> <span class='ocrx_word' id='word_1_244' title='bbox 343 4181 407 4245; x_wconf 92' lang='lat' dir='ltr'>pro</span> <span class='ocrx_word' id='word_1_245' title='bbox 434 4162 630 4226; x_wconf 76' lang='lat' dir='ltr'>defensione</span> <span class='ocrx_word' id='word_1_246' title='bbox 659 4163 751 4247; x_wconf 88' lang='lat' dir='ltr'>regni</span> <span class='ocrx_word' id='word_1_247' title='bbox 780 4170 815 4227; x_wconf 89' lang='lat' dir='ltr'>et</span> <span class='ocrx_word' id='word_1_248' title='bbox 845 4170 1013 4227; x_wconf 89' lang='lat' dir='ltr'>terrarum</span> <span class='ocrx_word' id='word_1_249' title='bbox 1042 4169 1238 4228; x_wconf 87' lang='lat' dir='ltr'>nostrarum</span> 
     </span>
     <span class='ocr_line' id='line_1_35' title="bbox 130 4265 1238 4351; baseline -0.001 -21"><span class='ocrx_word' id='word_1_250' title='bbox 130 4266 299 4348; x_wconf 90' lang='lat' dir='ltr'>quaedam</span> <span class='ocrx_word' id='word_1_251' title='bbox 319 4266 452 4351; x_wconf 88' lang='lat' dir='ltr'>agenda</span> <span class='ocrx_word' id='word_1_252' title='bbox 473 4266 580 4330; x_wconf 86' lang='lat' dir='ltr'>ardua</span> <span class='ocrx_word' id='word_1_253' title='bbox 602 4274 674 4329; x_wconf 91' lang='lat' dir='ltr'>tam</span> <span class='ocrx_word' id='word_1_254' title='bbox 697 4267 729 4330; x_wconf 91' lang='lat' dir='ltr'>in</span> <span class='ocrx_word' id='word_1_255' title='bbox 752 4274 841 4330; x_wconf 89' lang='lat' dir='ltr'>terra</span> <span class='ocrx_word' id='word_1_256' title='bbox 863 4266 999 4331; x_wconf 87' lang='lat' dir='ltr'>Scociae</span> <span class='ocrx_word' id='word_1_257' title='bbox 1019 4287 1125 4351; x_wconf 88' lang='lat' dir='ltr'>quam</span> <span class='ocrx_word' id='word_1_258' title='bbox 1146 4265 1238 4340; x_wconf 88' lang='lat' dir='ltr'>alibi,</span> 
     </span>
     <span class='ocr_line' id='line_1_36' title="bbox 130 4369 1241 4454; baseline 0.002 -22"><span class='ocrx_word' id='word_1_259' title='bbox 130 4388 215 4450; x_wconf 87' lang='lat' dir='ltr'>quae</span> <span class='ocrx_word' id='word_1_260' title='bbox 244 4390 408 4454; x_wconf 86' lang='lat' dir='ltr'>maguum</span> <span class='ocrx_word' id='word_1_261' title='bbox 440 4371 617 4452; x_wconf 88' lang='lat' dir='ltr'>requirunt</span> <span class='ocrx_word' id='word_1_262' title='bbox 648 4369 854 4453; x_wconf 85' lang='lat' dir='ltr'>profluvium</span> <span class='ocrx_word' id='word_1_263' title='bbox 885 4391 1123 4454; x_wconf 84' lang='lat' dir='ltr'>expensanun,</span> <span class='ocrx_word' id='word_1_264' title='bbox 1154 4391 1241 4453; x_wconf 88' lang='lat' dir='ltr'>quas</span> 
     </span>
     <span class='ocr_line' id='line_1_37' title="bbox 131 4473 1240 4559; baseline 0.001 -24"><span class='ocrx_word' id='word_1_265' title='bbox 131 4473 257 4559; x_wconf 86' lang='lat' dir='ltr'>absque</span> <span class='ocrx_word' id='word_1_266' title='bbox 274 4474 353 4537; x_wconf 90' lang='lat' dir='ltr'>cleri</span> <span class='ocrx_word' id='word_1_267' title='bbox 370 4473 523 4537; x_wconf 87' lang='lat' dir='ltr'>subsidio</span> <span class='ocrx_word' id='word_1_268' title='bbox 537 4495 605 4538; x_wconf 93' lang='lat' dir='ltr'>non</span> <span class='ocrx_word' id='word_1_269' title='bbox 623 4494 805 4558; x_wconf 88' lang='lat' dir='ltr'>possumus</span> <span class='ocrx_word' id='word_1_270' title='bbox 821 4474 1000 4539; x_wconf 92' lang='lat' dir='ltr'>commode</span> <span class='ocrx_word' id='word_1_271' title='bbox 1016 4480 1240 4559; x_wconf 89' lang='lat' dir='ltr'>supportare;</span> 
     </span>
    </p>
   </div>
   <div class='ocr_carea' id='block_1_8' title="bbox 0 0 1464 5010">
    <p class='ocr_par' dir='ltr' id='par_1_8' title="bbox 0 0 1464 5010">
     <span class='ocr_line' id='line_1_38' title="bbox 0 0 1464 5010; baseline 0 0"><span class='ocrx_word' id='word_1_272' title='bbox 0 0 1464 5010; x_wconf 95' lang='lat' dir='ltr'> </span> 
     </span>
    </p>
   </div>
  </div>
 </body>
</html>
