<?xml version="1.0" encoding="UTF-8"?>
<!DOCTYPE html PUBLIC "-//W3C//DTD XHTML 1.0 Transitional//EN"
    "http://www.w3.org/TR/xhtml1/DTD/xhtml1-transitional.dtd">
<html xmlns="http://www.w3.org/1999/xhtml" xml:lang="en" lang="en">
 <head>
  <title>
</title>
<meta http-equiv="Content-Type" content="text/html;charset=utf-8" />
  <meta name='ocr-system' content='tesseract 3.04.00' />
  <meta name='ocr-capabilities' content='ocr_page ocr_carea ocr_par ocr_line ocrx_word'/>
</head>
<body>
  <div class='ocr_page' id='page_1' title='image "./recordsnorthern00convgoog_0346.png"; bbox 0 0 2962 5002; ppageno 0'>
   <div class='ocr_carea' id='block_1_1' title="bbox 229 380 955 450">
    <p class='ocr_par' dir='ltr' id='par_1_1' title="bbox 229 380 955 450">
     <span class='ocr_line' id='line_1_1' title="bbox 229 380 955 450; baseline 0.006 -6"><span class='ocrx_word' id='word_1_1' title='bbox 229 380 293 446; x_wconf 86' lang='lat'><strong>218</strong></span> <span class='ocrx_word' id='word_1_2' title='bbox 619 384 792 450; x_wconf 74' lang='lat' dir='ltr'><strong>Reconus</strong></span> <span class='ocrx_word' id='word_1_3' title='bbox 815 401 861 450; x_wconf 77' lang='lat' dir='ltr'><strong>or</strong></span> <span class='ocrx_word' id='word_1_4' title='bbox 883 400 955 450; x_wconf 80' lang='lat' dir='ltr'><strong>rna</strong></span> 
     </span>
    </p>
   </div>
   <div class='ocr_carea' id='block_1_2' title="bbox 231 576 1344 972">
    <p class='ocr_par' dir='ltr' id='par_1_2' title="bbox 231 576 1344 972">
     <span class='ocr_line' id='line_1_2' title="bbox 320 576 1344 662; baseline 0.003 -22"><span class='ocrx_word' id='word_1_5' title='bbox 320 576 478 641; x_wconf 83' lang='lat' dir='ltr'><strong>“Coram</strong></span> <span class='ocrx_word' id='word_1_6' title='bbox 499 577 597 640; x_wconf 92' lang='lat' dir='ltr'><strong>vobis</strong></span> <span class='ocrx_word' id='word_1_7' title='bbox 618 577 815 641; x_wconf 89' lang='lat' dir='ltr'><strong>auctentica</strong></span> <span class='ocrx_word' id='word_1_8' title='bbox 836 597 981 660; x_wconf 89' lang='lat' dir='ltr'><strong>persona</strong></span> <span class='ocrx_word' id='word_1_9' title='bbox 1000 583 1034 640; x_wconf 89' lang='lat' dir='ltr'><strong>et</strong></span> <span class='ocrx_word' id='word_1_10' title='bbox 1054 577 1136 642; x_wconf 89' lang='lat' dir='ltr'><strong>viris</strong></span> <span class='ocrx_word' id='word_1_11' title='bbox 1155 579 1344 662; x_wconf 85' lang='lat' dir='ltr'>publicavi,</span> 
     </span>
     <span class='ocr_line' id='line_1_3' title="bbox 231 680 1344 768; baseline 0.006 -27"><span class='ocrx_word' id='word_1_12' title='bbox 231 684 338 763; x_wconf 88' lang='lat' dir='ltr'><strong>atque</strong></span> <span class='ocrx_word' id='word_1_13' title='bbox 363 680 397 744; x_wconf 93' lang='lat' dir='ltr'><strong>in</strong></span> <span class='ocrx_word' id='word_1_14' title='bbox 420 681 508 744; x_wconf 92' lang='lat' dir='ltr'><strong>hanc</strong></span> <span class='ocrx_word' id='word_1_15' title='bbox 536 681 709 764; x_wconf 85' lang='lat' dir='ltr'>publicam</span> <span class='ocrx_word' id='word_1_16' title='bbox 731 687 766 745; x_wconf 92' lang='lat' dir='ltr'><strong>et</strong></span> <span class='ocrx_word' id='word_1_17' title='bbox 788 681 1020 745; x_wconf 83' lang='lat' dir='ltr'><strong>auctenticam</strong></span> <span class='ocrx_word' id='word_1_18' title='bbox 1046 682 1192 747; x_wconf 83' lang='lat' dir='ltr'><strong>tonnam</strong></span> <span class='ocrx_word' id='word_1_19' title='bbox 1216 683 1344 768; x_wconf 84' lang='lat' dir='ltr'>redegi,</span> 
     </span>
     <span class='ocr_line' id='line_1_4' title="bbox 231 783 1344 873; baseline 0.006 -27"><span class='ocrx_word' id='word_1_20' title='bbox 231 783 396 868; x_wconf 89' lang='lat' dir='ltr'><strong>signoque</strong></span> <span class='ocrx_word' id='word_1_21' title='bbox 421 790 456 848; x_wconf 89' lang='lat' dir='ltr'><strong>et</strong></span> <span class='ocrx_word' id='word_1_22' title='bbox 482 785 619 848; x_wconf 89' lang='lat' dir='ltr'><strong>nomine</strong></span> <span class='ocrx_word' id='word_1_23' title='bbox 645 784 729 849; x_wconf 93' lang='lat' dir='ltr'><strong>meis</strong></span> <span class='ocrx_word' id='word_1_24' title='bbox 754 785 863 849; x_wconf 91' lang='lat' dir='ltr'><strong>solitis</strong></span> <span class='ocrx_word' id='word_1_25' title='bbox 889 791 923 849; x_wconf 89' lang='lat' dir='ltr'><strong>et</strong></span> <span class='ocrx_word' id='word_1_26' title='bbox 949 787 1122 850; x_wconf 91' lang='lat' dir='ltr'><strong>consuetis</strong></span> <span class='ocrx_word' id='word_1_27' title='bbox 1146 788 1281 873; x_wconf 84' lang='lat' dir='ltr'>signavi</span> <span class='ocrx_word' id='word_1_28' title='bbox 1308 789 1344 853; x_wconf 93' lang='lat' dir='ltr'><strong>in</strong></span> 
     </span>
     <span class='ocr_line' id='line_1_5' title="bbox 233 886 966 972; baseline 0.005 -22"><span class='ocrx_word' id='word_1_29' title='bbox 233 886 337 952; x_wconf 86' lang='lat' dir='ltr'><strong>fidem</strong></span> <span class='ocrx_word' id='word_1_30' title='bbox 357 895 391 952; x_wconf 87' lang='lat' dir='ltr'><strong>et</strong></span> <span class='ocrx_word' id='word_1_31' title='bbox 412 889 648 953; x_wconf 89' lang='lat' dir='ltr'><strong>testimonium</strong></span> <span class='ocrx_word' id='word_1_32' title='bbox 667 889 966 972; x_wconf 88' lang='lat' dir='ltr'><strong>praemissorum.&#39;&#39;</strong></span> 
     </span>
    </p>
   </div>
   <div class='ocr_carea' id='block_1_3' title="bbox 229 1029 1344 1822">
    <p class='ocr_par' dir='ltr' id='par_1_3' title="bbox 229 1029 1344 1822">
     <span class='ocr_line' id='line_1_6' title="bbox 319 1029 1343 1097; baseline 0.005 -5"><span class='ocrx_word' id='word_1_33' title='bbox 319 1029 365 1092; x_wconf 89' lang='lat' dir='ltr'><strong>Et</strong></span> <span class='ocrx_word' id='word_1_34' title='bbox 387 1035 524 1093; x_wconf 89' lang='lat' dir='ltr'><strong>constat</strong></span> <span class='ocrx_word' id='word_1_35' title='bbox 544 1029 628 1093; x_wconf 92' lang='lat' dir='ltr'><strong>mihi</strong></span> <span class='ocrx_word' id='word_1_36' title='bbox 649 1029 692 1093; x_wconf 92' lang='lat' dir='ltr'><strong>de</strong></span> <span class='ocrx_word' id='word_1_37' title='bbox 711 1029 987 1094; x_wconf 89' lang='lat' dir='ltr'><strong>interlineatione</strong></span> <span class='ocrx_word' id='word_1_38' title='bbox 1006 1031 1129 1095; x_wconf 91' lang='lat' dir='ltr'><strong>harum</strong></span> <span class='ocrx_word' id='word_1_39' title='bbox 1149 1032 1343 1097; x_wconf 85' lang='lat' dir='ltr'>dictionum</span> 
     </span>
     <span class='ocr_line' id='line_1_7' title="bbox 230 1132 1342 1216; baseline 0.004 -20"><span class='ocrx_word' id='word_1_40' title='bbox 230 1133 459 1216; x_wconf 87' lang='lat' dir='ltr'><strong>sequentium,</strong></span> <span class='ocrx_word' id='word_1_41' title='bbox 477 1132 541 1196; x_wconf 87' lang='lat' dir='ltr'><strong>viz.</strong></span> <span class='ocrx_word' id='word_1_42' title='bbox 564 1133 584 1156; x_wconf 78' lang='lat'><strong>‘⁴</strong></span> <span class='ocrx_word' id='word_1_43' title='bbox 602 1133 772 1197; x_wconf 89' lang='lat' dir='ltr'><strong>tricesimo</strong></span> <span class='ocrx_word' id='word_1_44' title='bbox 789 1134 807 1154; x_wconf 92' lang='lat'><strong>’&#39;</strong></span> <span class='ocrx_word' id='word_1_45' title='bbox 830 1133 919 1197; x_wconf 90' lang='lat' dir='ltr'><strong>inter</strong></span> <span class='ocrx_word' id='word_1_46' title='bbox 933 1134 1120 1199; x_wconf 89' lang='lat' dir='ltr'><strong>secundam</strong></span> <span class='ocrx_word' id='word_1_47' title='bbox 1136 1142 1171 1199; x_wconf 89' lang='lat' dir='ltr'><strong>et</strong></span> <span class='ocrx_word' id='word_1_48' title='bbox 1189 1136 1342 1212; x_wconf 85' lang='lat' dir='ltr'><strong>tertiam,</strong></span> 
     </span>
     <span class='ocr_line' id='line_1_8' title="bbox 231 1236 1344 1324; baseline 0.006 -26"><span class='ocrx_word' id='word_1_49' title='bbox 231 1236 496 1301; x_wconf 88' lang='lat' dir='ltr'><strong>“exhibuerunt</strong></span> <span class='ocrx_word' id='word_1_50' title='bbox 514 1237 533 1258; x_wconf 89' lang='lat'><strong>&#39;&#39;</strong></span> <span class='ocrx_word' id='word_1_51' title='bbox 559 1237 650 1301; x_wconf 89' lang='lat' dir='ltr'><strong>inter</strong></span> <span class='ocrx_word' id='word_1_52' title='bbox 673 1237 994 1322; x_wconf 83' lang='lat' dir='ltr'>quinquagesimam</span> <span class='ocrx_word' id='word_1_53' title='bbox 1017 1238 1157 1303; x_wconf 88' lang='lat' dir='ltr'><strong>tertiam</strong></span> <span class='ocrx_word' id='word_1_54' title='bbox 1182 1246 1217 1303; x_wconf 91' lang='lat' dir='ltr'><strong>et</strong></span> <span class='ocrx_word' id='word_1_55' title='bbox 1242 1242 1344 1324; x_wconf 93' lang='lat' dir='ltr'><strong>quin-</strong></span> 
     </span>
     <span class='ocr_line' id='line_1_9' title="bbox 230 1341 1343 1428; baseline 0.005 -26"><span class='ocrx_word' id='word_1_56' title='bbox 230 1341 464 1425; x_wconf 89' lang='lat' dir='ltr'><strong>quagesimam</strong></span> <span class='ocrx_word' id='word_1_57' title='bbox 486 1346 659 1424; x_wconf 90' lang='lat' dir='ltr'><strong>quartam,</strong></span> <span class='ocrx_word' id='word_1_58' title='bbox 683 1341 703 1364; x_wconf 78' lang='lat'><strong>‘⁴</strong></span> <span class='ocrx_word' id='word_1_59' title='bbox 719 1361 869 1405; x_wconf 89' lang='lat' dir='ltr'><strong>unacum</strong></span> <span class='ocrx_word' id='word_1_60' title='bbox 884 1341 904 1362; x_wconf 87' lang='lat'><strong>’&#39;</strong></span> <span class='ocrx_word' id='word_1_61' title='bbox 927 1341 1017 1405; x_wconf 90' lang='lat' dir='ltr'><strong>inter</strong></span> <span class='ocrx_word' id='word_1_62' title='bbox 1036 1343 1285 1428; x_wconf 82' lang='lat' dir='ltr'><strong>sexagesimam</strong></span> <span class='ocrx_word' id='word_1_63' title='bbox 1308 1351 1343 1409; x_wconf 92' lang='lat' dir='ltr'><strong>et</strong></span> 
     </span>
     <span class='ocr_line' id='line_1_10' title="bbox 229 1443 1343 1529; baseline 0.006 -23"><span class='ocrx_word' id='word_1_64' title='bbox 229 1443 476 1528; x_wconf 84' lang='lat' dir='ltr'><strong>sexagesimam</strong></span> <span class='ocrx_word' id='word_1_65' title='bbox 509 1464 614 1508; x_wconf 91' lang='lat' dir='ltr'><strong>unam</strong></span> <span class='ocrx_word' id='word_1_66' title='bbox 646 1444 753 1508; x_wconf 90' lang='lat' dir='ltr'><strong>lineas</strong></span> <span class='ocrx_word' id='word_1_67' title='bbox 785 1467 805 1509; x_wconf 90' lang='lat' dir='ltr'><strong>a</strong></span> <span class='ocrx_word' id='word_1_68' title='bbox 837 1446 950 1529; x_wconf 91' lang='lat' dir='ltr'><strong>capite</strong></span> <span class='ocrx_word' id='word_1_69' title='bbox 983 1446 1087 1529; x_wconf 86' lang='lat' dir='ltr'><strong>hujus</strong></span> <span class='ocrx_word' id='word_1_70' title='bbox 1119 1447 1343 1513; x_wconf 86' lang='lat' dir='ltr'><strong>instrumenti</strong></span> 
     </span>
     <span class='ocr_line' id='line_1_11' title="bbox 229 1548 1343 1635; baseline 0.005 -24"><span class='ocrx_word' id='word_1_71' title='bbox 229 1548 474 1631; x_wconf 76' lang='lat' dir='ltr'><strong>computando</strong></span> <span class='ocrx_word' id='word_1_72' title='bbox 498 1569 585 1632; x_wconf 91' lang='lat' dir='ltr'><strong>quas</strong></span> <span class='ocrx_word' id='word_1_73' title='bbox 608 1548 775 1612; x_wconf 86' lang='lat' dir='ltr'><strong>dictiones</strong></span> <span class='ocrx_word' id='word_1_74' title='bbox 797 1550 845 1614; x_wconf 91' lang='lat' dir='ltr'><strong>sic</strong></span> <span class='ocrx_word' id='word_1_75' title='bbox 868 1549 1104 1614; x_wconf 89' lang='lat' dir='ltr'><strong>interlineatas</strong></span> <span class='ocrx_word' id='word_1_76' title='bbox 1126 1553 1282 1635; x_wconf 91' lang='lat' dir='ltr'><strong>approbo</strong></span> <span class='ocrx_word' id='word_1_77' title='bbox 1307 1560 1343 1617; x_wconf 95' lang='lat' dir='ltr'><strong>et</strong></span> 
     </span>
     <span class='ocr_line' id='line_1_12' title="bbox 229 1652 1343 1739; baseline 0.004 -23"><span class='ocrx_word' id='word_1_78' title='bbox 229 1652 323 1716; x_wconf 91' lang='lat' dir='ltr'><strong>omni</strong></span> <span class='ocrx_word' id='word_1_79' title='bbox 366 1652 557 1735; x_wconf 89' lang='lat' dir='ltr'><strong>suspicione</strong></span> <span class='ocrx_word' id='word_1_80' title='bbox 600 1652 738 1717; x_wconf 89' lang='lat' dir='ltr'><strong>sinistra</strong></span> <span class='ocrx_word' id='word_1_81' title='bbox 781 1674 894 1718; x_wconf 90' lang='lat' dir='ltr'><strong>carere</strong></span> <span class='ocrx_word' id='word_1_82' title='bbox 938 1654 1017 1718; x_wconf 89' lang='lat' dir='ltr'><strong>volo</strong></span> <span class='ocrx_word' id='word_1_83' title='bbox 1062 1655 1136 1739; x_wconf 87' lang='lat' dir='ltr'><strong>Ego</strong></span> <span class='ocrx_word' id='word_1_84' title='bbox 1184 1657 1343 1722; x_wconf 85' lang='lat' dir='ltr'><strong>notarius</strong></span> 
     </span>
     <span class='ocr_line' id='line_1_13' title="bbox 230 1756 436 1822; baseline 0 0"><span class='ocrx_word' id='word_1_85' title='bbox 230 1756 436 1822; x_wconf 80' lang='lat' dir='ltr'><strong>antedictus</strong></span> 
     </span>
    </p>
   </div>
   <div class='ocr_carea' id='block_1_4' title="bbox 230 1886 616 2093">
    <p class='ocr_par' dir='ltr' id='par_1_4' title="bbox 230 1886 616 2093">
     <span class='ocr_line' id='line_1_14' title="bbox 317 1886 612 1972; baseline -0.007 -21"><span class='ocrx_word' id='word_1_86' title='bbox 317 1887 371 1952; x_wconf 89' lang='lat' dir='ltr'><strong>Ad</strong></span> <span class='ocrx_word' id='word_1_87' title='bbox 390 1887 497 1951; x_wconf 93' lang='lat' dir='ltr'><strong>imum</strong></span> <span class='ocrx_word' id='word_1_88' title='bbox 516 1886 612 1972; x_wconf 86' lang='lat' dir='ltr'><strong>signi.</strong></span> 
     </span>
     <span class='ocr_line' id='line_1_15' title="bbox 230 2014 616 2093; baseline -0.008 -12"><span class='ocrx_word' id='word_1_89' title='bbox 230 2015 285 2081; x_wconf 88' lang='lat' dir='ltr'><strong>Ur</strong></span> <span class='ocrx_word' id='word_1_90' title='bbox 308 2014 364 2080; x_wconf 76' lang='lat' dir='ltr'><strong>Ne</strong></span> <span class='ocrx_word' id='word_1_91' title='bbox 388 2033 479 2093; x_wconf 80' lang='lat' dir='ltr'><strong>oum</strong></span> <span class='ocrx_word' id='word_1_92' title='bbox 504 2031 616 2079; x_wconf 81' lang='lat' dir='ltr'><strong>unus</strong></span> 
     </span>
    </p>
   </div>
   <div class='ocr_carea' id='block_1_5' title="bbox 230 2154 1342 2430">
    <p class='ocr_par' dir='ltr' id='par_1_5' title="bbox 230 2154 1342 2430">
     <span class='ocr_line' id='line_1_16' title="bbox 319 2154 1342 2240; baseline -0.015 -18"><span class='ocrx_word' id='word_1_93' title='bbox 319 2158 389 2222; x_wconf 86' lang='lat' dir='ltr'><strong>Sub</strong></span> <span class='ocrx_word' id='word_1_94' title='bbox 423 2156 532 2240; x_wconf 89' lang='lat' dir='ltr'><strong>sigillo</strong></span> <span class='ocrx_word' id='word_1_95' title='bbox 570 2155 718 2239; x_wconf 84' lang='lat' dir='ltr'><strong>praefati</strong></span> <span class='ocrx_word' id='word_1_96' title='bbox 757 2154 1012 2239; x_wconf 91' lang='lat' dir='ltr'><strong>Archiepiscopi</strong></span> <span class='ocrx_word' id='word_1_97' title='bbox 1050 2156 1092 2220; x_wconf 79' lang='lat' dir='ltr'><strong>de</strong></span> <span class='ocrx_word' id='word_1_98' title='bbox 1126 2177 1204 2221; x_wconf 75' lang='lat' dir='ltr'><strong>cera</strong></span> <span class='ocrx_word' id='word_1_99' title='bbox 1238 2158 1342 2222; x_wconf 69' lang='lat' dir='ltr'><strong>viridi</strong></span> 
     </span>
     <span class='ocr_line' id='line_1_17' title="bbox 231 2259 1342 2345; baseline 0 -18"><span class='ocrx_word' id='word_1_100' title='bbox 231 2261 371 2345; x_wconf 87' lang='lat' dir='ltr'><strong>(pyxide</strong></span> <span class='ocrx_word' id='word_1_101' title='bbox 393 2260 534 2342; x_wconf 82' lang='lat' dir='ltr'><strong>incluso)</strong></span> <span class='ocrx_word' id='word_1_102' title='bbox 560 2259 730 2343; x_wconf 87' lang='lat' dir='ltr'><strong>pendente</strong></span> <span class='ocrx_word' id='word_1_103' title='bbox 750 2281 770 2323; x_wconf 90' lang='lat' dir='ltr'><strong>a</strong></span> <span class='ocrx_word' id='word_1_104' title='bbox 790 2259 854 2322; x_wconf 85' lang='lat' dir='ltr'><strong>filis</strong></span> <span class='ocrx_word' id='word_1_105' title='bbox 873 2259 987 2323; x_wconf 87' lang='lat' dir='ltr'><strong>sericis</strong></span> <span class='ocrx_word' id='word_1_106' title='bbox 1006 2260 1075 2324; x_wconf 88' lang='lat' dir='ltr'><strong>albi</strong></span> <span class='ocrx_word' id='word_1_107' title='bbox 1094 2261 1216 2325; x_wconf 88' lang='lat' dir='ltr'><strong>coloris</strong></span> <span class='ocrx_word' id='word_1_108' title='bbox 1236 2262 1342 2328; x_wconf 90' lang='lat' dir='ltr'><strong>inter-</strong></span> 
     </span>
     <span class='ocr_line' id='line_1_18' title="bbox 230 2366 345 2430; baseline -0.009 0"><span class='ocrx_word' id='word_1_109' title='bbox 230 2366 345 2430; x_wconf 89' lang='lat' dir='ltr'><strong>textis.</strong></span> 
     </span>
    </p>
   </div>
   <div class='ocr_carea' id='block_1_6' title="bbox 697 2479 865 2544">
    <p class='ocr_par' dir='ltr' id='par_1_6' title="bbox 697 2479 865 2544">
     <span class='ocr_line' id='line_1_19' title="bbox 697 2479 865 2544; baseline 0.006 -2"><span class='ocrx_word' id='word_1_110' title='bbox 697 2479 865 2544; x_wconf 86' lang='lat' dir='ltr'>LXXIII.</span> 
     </span>
    </p>
   </div>
   <div class='ocr_carea' id='block_1_7' title="bbox 230 2620 1340 3104">
    <p class='ocr_par' dir='ltr' id='par_1_7' title="bbox 230 2620 1340 3104">
     <span class='ocr_line' id='line_1_20' title="bbox 230 2620 1339 2700; baseline 0.001 -14"><span class='ocrx_word' id='word_1_111' title='bbox 230 2623 393 2687; x_wconf 69' lang='lat' dir='ltr'><strong>Prioresr</strong></span> <span class='ocrx_word' id='word_1_112' title='bbox 417 2639 461 2684; x_wconf 81' lang='lat' dir='ltr'><strong>or</strong></span> <span class='ocrx_word' id='word_1_113' title='bbox 485 2621 681 2684; x_wconf 75' lang='lat' dir='ltr'><strong>Coranum</strong></span> <span class='ocrx_word' id='word_1_114' title='bbox 704 2620 905 2694; x_wconf 72' lang='lat' dir='ltr'><strong>Tonsurae,</strong></span> <span class='ocrx_word' id='word_1_115' title='bbox 932 2621 1069 2684; x_wconf 82' lang='lat' dir='ltr'><strong>Brsuoe</strong></span> <span class='ocrx_word' id='word_1_116' title='bbox 1092 2638 1137 2685; x_wconf 82' lang='lat' dir='ltr'><strong>or</strong></span> <span class='ocrx_word' id='word_1_117' title='bbox 1161 2621 1339 2700; x_wconf 78' lang='lat' dir='ltr'><strong>Dunuau,</strong></span> 
     </span>
     <span class='ocr_line' id='line_1_21' title="bbox 318 2723 1339 2802; baseline 0.001 -13"><span class='ocrx_word' id='word_1_118' title='bbox 318 2742 471 2789; x_wconf 64' lang='lat' dir='ltr'><strong>arnono</strong></span> <span class='ocrx_word' id='word_1_119' title='bbox 498 2742 536 2789; x_wconf 85' lang='lat' dir='ltr'><strong>m</strong></span> <span class='ocrx_word' id='word_1_120' title='bbox 564 2740 609 2786; x_wconf 76' lang='lat' dir='ltr'><strong>Ar</strong></span> <span class='ocrx_word' id='word_1_121' title='bbox 635 2740 706 2786; x_wconf 78' lang='lat' dir='ltr'><strong>rna</strong></span> <span class='ocrx_word' id='word_1_122' title='bbox 734 2723 992 2789; x_wconf 75' lang='lat' dir='ltr'><strong>Convocarron</strong></span> <span class='ocrx_word' id='word_1_123' title='bbox 1021 2740 1118 2788; x_wconf 75' lang='lat' dir='ltr'><strong>uero</strong></span> <span class='ocrx_word' id='word_1_124' title='bbox 1145 2742 1191 2788; x_wconf 76' lang='lat' dir='ltr'><strong>nr</strong></span> <span class='ocrx_word' id='word_1_125' title='bbox 1218 2726 1339 2802; x_wconf 84' lang='lat' dir='ltr'><strong>Yonx,</strong></span> 
     </span>
     <span class='ocr_line' id='line_1_22' title="bbox 316 2827 1339 2894; baseline 0.002 -2"><span class='ocrx_word' id='word_1_126' title='bbox 316 2846 431 2893; x_wconf 68' lang='lat' dir='ltr'><strong>aaran</strong></span> <span class='ocrx_word' id='word_1_127' title='bbox 461 2845 532 2891; x_wconf 76' lang='lat' dir='ltr'><strong>rue</strong></span> <span class='ocrx_word' id='word_1_128' title='bbox 564 2827 692 2890; x_wconf 77' lang='lat' dir='ltr'><strong>Housr</strong></span> <span class='ocrx_word' id='word_1_129' title='bbox 723 2844 798 2890; x_wconf 77' lang='lat' dir='ltr'><strong>uxo</strong></span> <span class='ocrx_word' id='word_1_130' title='bbox 830 2844 1091 2891; x_wconf 76' lang='lat' dir='ltr'><strong>neruoraurrx</strong></span> <span class='ocrx_word' id='word_1_131' title='bbox 1121 2846 1339 2894; x_wconf 78' lang='lat' dir='ltr'><strong>consaureu</strong></span> 
     </span>
     <span class='ocr_line' id='line_1_23' title="bbox 316 2930 1340 2998; baseline 0 0"><span class='ocrx_word' id='word_1_132' title='bbox 316 2952 361 2998; x_wconf 86' lang='lat' dir='ltr'><strong>ro</strong></span> <span class='ocrx_word' id='word_1_133' title='bbox 386 2948 587 2996; x_wconf 77' lang='lat' dir='ltr'><strong>nacocnrze</strong></span> <span class='ocrx_word' id='word_1_134' title='bbox 611 2948 683 2994; x_wconf 77' lang='lat' dir='ltr'><strong>rue</strong></span> <span class='ocrx_word' id='word_1_135' title='bbox 710 2930 840 2994; x_wconf 79' lang='lat' dir='ltr'><strong>Kruo&#39;s</strong></span> <span class='ocrx_word' id='word_1_136' title='bbox 866 2948 976 2996; x_wconf 82' lang='lat' dir='ltr'><strong>mour</strong></span> <span class='ocrx_word' id='word_1_137' title='bbox 999 2949 1045 2995; x_wconf 87' lang='lat' dir='ltr'><strong>ro</strong></span> <span class='ocrx_word' id='word_1_138' title='bbox 1068 2950 1140 2995; x_wconf 76' lang='lat' dir='ltr'><strong>rua</strong></span> <span class='ocrx_word' id='word_1_139' title='bbox 1164 2950 1268 2998; x_wconf 71' lang='lat' dir='ltr'><strong>nris</strong></span> <span class='ocrx_word' id='word_1_140' title='bbox 1293 2952 1340 2998; x_wconf 79' lang='lat' dir='ltr'><strong>or</strong></span> 
     </span>
     <span class='ocr_line' id='line_1_24' title="bbox 317 3035 737 3104; baseline -0.014 0"><span class='ocrx_word' id='word_1_141' title='bbox 317 3040 336 3062; x_wconf 85' lang='lat'><strong>‘⁴</strong></span> <span class='ocrx_word' id='word_1_142' title='bbox 353 3039 557 3104; x_wconf 75' lang='lat' dir='ltr'><strong>Surnenuu</strong></span> <span class='ocrx_word' id='word_1_143' title='bbox 582 3035 737 3099; x_wconf 75' lang='lat' dir='ltr'><strong>Caeur.&#39;&#39;</strong></span> 
     </span>
    </p>
   </div>
   <div class='ocr_carea' id='block_1_8' title="bbox 222 3175 1340 4513">
    <p class='ocr_par' dir='ltr' id='par_1_8' title="bbox 222 3175 1340 4513">
     <span class='ocr_line' id='line_1_25' title="bbox 316 3175 1340 3264; baseline 0 -20"><span class='ocrx_word' id='word_1_144' title='bbox 316 3181 389 3264; x_wconf 87' lang='lat' dir='ltr'><strong>Ego</strong></span> <span class='ocrx_word' id='word_1_145' title='bbox 429 3179 639 3243; x_wconf 68' lang='lat' dir='ltr'><strong>cuthbertus</strong></span> <span class='ocrx_word' id='word_1_146' title='bbox 678 3175 899 3259; x_wconf 85' lang='lat' dir='ltr'><strong>permissione</strong></span> <span class='ocrx_word' id='word_1_147' title='bbox 939 3177 1057 3241; x_wconf 91' lang='lat' dir='ltr'><strong>divina</strong></span> <span class='ocrx_word' id='word_1_148' title='bbox 1097 3178 1340 3245; x_wconf 90' lang='lat' dir='ltr'><strong>Dunelmensis</strong></span> 
     </span>
     <span class='ocr_line' id='line_1_26' title="bbox 228 3279 1337 3368; baseline -0.002 -19"><span class='ocrx_word' id='word_1_149' title='bbox 228 3285 419 3368; x_wconf 88' lang='lat' dir='ltr'><strong>Episcopus</strong></span> <span class='ocrx_word' id='word_1_150' title='bbox 444 3283 520 3345; x_wconf 92' lang='lat' dir='ltr'><strong>dico</strong></span> <span class='ocrx_word' id='word_1_151' title='bbox 546 3288 580 3344; x_wconf 90' lang='lat' dir='ltr'><strong>et</strong></span> <span class='ocrx_word' id='word_1_152' title='bbox 607 3280 715 3364; x_wconf 88' lang='lat' dir='ltr'><strong>allego</strong></span> <span class='ocrx_word' id='word_1_153' title='bbox 741 3279 775 3342; x_wconf 93' lang='lat' dir='ltr'><strong>in</strong></span> <span class='ocrx_word' id='word_1_154' title='bbox 802 3279 853 3342; x_wconf 82' lang='lat' dir='ltr'><strong>his</strong></span> <span class='ocrx_word' id='word_1_155' title='bbox 879 3280 1014 3363; x_wconf 90' lang='lat' dir='ltr'><strong>scriptis</strong></span> <span class='ocrx_word' id='word_1_156' title='bbox 1040 3288 1143 3364; x_wconf 92' lang='lat' dir='ltr'><strong>prout</strong></span> <span class='ocrx_word' id='word_1_157' title='bbox 1169 3284 1337 3368; x_wconf 88' lang='lat' dir='ltr'><strong>sequitur.</strong></span> 
     </span>
     <span class='ocr_line' id='line_1_27' title="bbox 228 3382 1339 3467; baseline -0.001 -14"><span class='ocrx_word' id='word_1_158' title='bbox 228 3390 313 3453; x_wconf 83' lang='lat' dir='ltr'><strong>Cum</strong></span> <span class='ocrx_word' id='word_1_159' title='bbox 339 3388 373 3451; x_wconf 92' lang='lat' dir='ltr'><strong>in</strong></span> <span class='ocrx_word' id='word_1_160' title='bbox 398 3386 511 3449; x_wconf 91' lang='lat' dir='ltr'><strong>verbis</strong></span> <span class='ocrx_word' id='word_1_161' title='bbox 536 3383 761 3447; x_wconf 88' lang='lat' dir='ltr'><strong>concessionis</strong></span> <span class='ocrx_word' id='word_1_162' title='bbox 785 3382 967 3465; x_wconf 89' lang='lat' dir='ltr'><strong>cujusdam</strong></span> <span class='ocrx_word' id='word_1_163' title='bbox 992 3386 1157 3467; x_wconf 90' lang='lat' dir='ltr'><strong>pecuniae</strong></span> <span class='ocrx_word' id='word_1_164' title='bbox 1182 3407 1339 3452; x_wconf 92' lang='lat' dir='ltr'><strong>summae</strong></span> 
     </span>
     <span class='ocr_line' id='line_1_28' title="bbox 226 3485 1339 3574; baseline -0.001 -17"><span class='ocrx_word' id='word_1_165' title='bbox 226 3491 454 3556; x_wconf 88' lang='lat' dir='ltr'><strong>illustrissimo</strong></span> <span class='ocrx_word' id='word_1_166' title='bbox 488 3487 637 3550; x_wconf 90' lang='lat' dir='ltr'><strong>Domino</strong></span> <span class='ocrx_word' id='word_1_167' title='bbox 672 3492 789 3549; x_wconf 91' lang='lat' dir='ltr'><strong>nostro</strong></span> <span class='ocrx_word' id='word_1_168' title='bbox 823 3485 971 3550; x_wconf 91' lang='lat' dir='ltr'><strong>Henrico</strong></span> <span class='ocrx_word' id='word_1_169' title='bbox 1005 3488 1091 3551; x_wconf 92' lang='lat' dir='ltr'>VIII</span> <span class='ocrx_word' id='word_1_170' title='bbox 1128 3488 1192 3552; x_wconf 94' lang='lat' dir='ltr'><strong>Dei</strong></span> <span class='ocrx_word' id='word_1_171' title='bbox 1225 3492 1339 3574; x_wconf 90' lang='lat' dir='ltr'><strong>gratia</strong></span> 
     </span>
     <span class='ocr_line' id='line_1_29' title="bbox 225 3587 1339 3680; baseline 0.001 -21"><span class='ocrx_word' id='word_1_172' title='bbox 225 3595 368 3680; x_wconf 88' lang='lat' dir='ltr'><strong>Angliae</strong></span> <span class='ocrx_word' id='word_1_173' title='bbox 399 3600 434 3657; x_wconf 89' lang='lat' dir='ltr'><strong>et</strong></span> <span class='ocrx_word' id='word_1_174' title='bbox 466 3590 629 3655; x_wconf 88' lang='lat' dir='ltr'><strong>Franciae</strong></span> <span class='ocrx_word' id='word_1_175' title='bbox 663 3587 772 3671; x_wconf 82' lang='lat' dir='ltr'><strong>(Regi)</strong></span> <span class='ocrx_word' id='word_1_176' title='bbox 810 3588 888 3652; x_wconf 88' lang='lat' dir='ltr'><strong>fidei</strong></span> <span class='ocrx_word' id='word_1_177' title='bbox 923 3590 1091 3655; x_wconf 79' lang='lat' dir='ltr'><strong>defensori</strong></span> <span class='ocrx_word' id='word_1_178' title='bbox 1127 3599 1161 3656; x_wconf 90' lang='lat' dir='ltr'><strong>et</strong></span> <span class='ocrx_word' id='word_1_179' title='bbox 1197 3594 1339 3660; x_wconf 92' lang='lat' dir='ltr'><strong>domino</strong></span> 
     </span>
     <span class='ocr_line' id='line_1_30' title="bbox 226 3690 1338 3777; baseline -0.001 -13"><span class='ocrx_word' id='word_1_180' title='bbox 226 3699 422 3771; x_wconf 88' lang='lat' dir='ltr'><strong>Hiberniae,</strong></span> <span class='ocrx_word' id='word_1_181' title='bbox 447 3696 481 3758; x_wconf 94' lang='lat' dir='ltr'><strong>in</strong></span> <span class='ocrx_word' id='word_1_182' title='bbox 507 3692 678 3777; x_wconf 88' lang='lat' dir='ltr'><strong>praesenti</strong></span> <span class='ocrx_word' id='word_1_183' title='bbox 699 3690 842 3754; x_wconf 90' lang='lat' dir='ltr'><strong>concilio</strong></span> <span class='ocrx_word' id='word_1_184' title='bbox 865 3693 1067 3775; x_wconf 92' lang='lat' dir='ltr'><strong>provinciali</strong></span> <span class='ocrx_word' id='word_1_185' title='bbox 1089 3716 1280 3773; x_wconf 87' lang='lat' dir='ltr'><strong>concessae,</strong></span> <span class='ocrx_word' id='word_1_186' title='bbox 1303 3699 1338 3764; x_wconf 91' lang='lat' dir='ltr'><strong>in</strong></span> 
     </span>
     <span class='ocr_line' id='line_1_31' title="bbox 226 3794 1335 3889; baseline -0.001 -22"><span class='ocrx_word' id='word_1_187' title='bbox 226 3802 438 3889; x_wconf 72' lang='lat' dir='ltr'><strong>praefatione</strong></span> <span class='ocrx_word' id='word_1_188' title='bbox 459 3798 516 3862; x_wconf 92' lang='lat' dir='ltr'><strong>ubi</strong></span> <span class='ocrx_word' id='word_1_189' title='bbox 538 3797 580 3859; x_wconf 90' lang='lat' dir='ltr'><strong>de</strong></span> <span class='ocrx_word' id='word_1_190' title='bbox 601 3794 875 3858; x_wconf 85' lang='lat' dir='ltr'><strong>Lutheranorum</strong></span> <span class='ocrx_word' id='word_1_191' title='bbox 900 3798 1108 3880; x_wconf 87' lang='lat' dir='ltr'><strong>repressione</strong></span> <span class='ocrx_word' id='word_1_192' title='bbox 1131 3800 1170 3864; x_wconf 85' lang='lat' dir='ltr'><strong>fit</strong></span> <span class='ocrx_word' id='word_1_193' title='bbox 1192 3803 1335 3879; x_wconf 87' lang='lat' dir='ltr'><strong>mentio,</strong></span> 
     </span>
     <span class='ocr_line' id='line_1_32' title="bbox 225 3899 1335 3988; baseline -0.002 -16"><span class='ocrx_word' id='word_1_194' title='bbox 225 3909 314 3972; x_wconf 89' lang='lat' dir='ltr'><strong>inter</strong></span> <span class='ocrx_word' id='word_1_195' title='bbox 337 3911 471 3969; x_wconf 87' lang='lat' dir='ltr'><strong>caetera</strong></span> <span class='ocrx_word' id='word_1_196' title='bbox 495 3900 737 3964; x_wconf 88' lang='lat' dir='ltr'><strong>contineantur</strong></span> <span class='ocrx_word' id='word_1_197' title='bbox 760 3899 843 3962; x_wconf 90' lang='lat' dir='ltr'><strong>haec</strong></span> <span class='ocrx_word' id='word_1_198' title='bbox 867 3900 983 3974; x_wconf 89' lang='lat' dir='ltr'><strong>verba,</strong></span> <span class='ocrx_word' id='word_1_199' title='bbox 1006 3902 1134 3967; x_wconf 89' lang='lat' dir='ltr'><strong>scilicet</strong></span> <span class='ocrx_word' id='word_1_200' title='bbox 1151 3905 1335 3988; x_wconf 81' lang='lat' dir='ltr'><strong>t—Quam-</strong></span> 
     </span>
     <span class='ocr_line' id='line_1_33' title="bbox 226 4002 1335 4098; baseline -0.001 -22"><span class='ocrx_word' id='word_1_201' title='bbox 226 4011 390 4098; x_wconf 89' lang='lat' dir='ltr'><strong>plurimos</strong></span> <span class='ocrx_word' id='word_1_202' title='bbox 424 4008 539 4070; x_wconf 86' lang='lat' dir='ltr'><strong>hostes</strong></span> <span class='ocrx_word' id='word_1_203' title='bbox 575 4009 609 4065; x_wconf 85' lang='lat' dir='ltr'><strong>et</strong></span> <span class='ocrx_word' id='word_1_204' title='bbox 644 4002 793 4065; x_wconf 84' lang='lat' dir='ltr'><strong>maxime</strong></span> <span class='ocrx_word' id='word_1_205' title='bbox 829 4002 1044 4068; x_wconf 90' lang='lat' dir='ltr'><strong>Lutheranos</strong></span> <span class='ocrx_word' id='word_1_206' title='bbox 1079 4007 1113 4070; x_wconf 91' lang='lat' dir='ltr'><strong>in</strong></span> <span class='ocrx_word' id='word_1_207' title='bbox 1149 4010 1335 4091; x_wconf 90' lang='lat' dir='ltr'><strong>perniciem</strong></span> 
     </span>
     <span class='ocr_line' id='line_1_34' title="bbox 225 4105 1333 4193; baseline -0.003 -12"><span class='ocrx_word' id='word_1_208' title='bbox 225 4115 384 4182; x_wconf 87' lang='lat' dir='ltr'><strong>ecclesiae</strong></span> <span class='ocrx_word' id='word_1_209' title='bbox 401 4119 434 4173; x_wconf 87' lang='lat' dir='ltr'><strong>et</strong></span> <span class='ocrx_word' id='word_1_210' title='bbox 451 4108 529 4173; x_wconf 89' lang='lat' dir='ltr'><strong>cleri</strong></span> <span class='ocrx_word' id='word_1_211' title='bbox 547 4105 724 4189; x_wconf 87' lang='lat' dir='ltr'><strong>Anglicani</strong></span> <span class='ocrx_word' id='word_1_212' title='bbox 744 4105 854 4187; x_wconf 83' lang='lat' dir='ltr'><strong>(cujus</strong></span> <span class='ocrx_word' id='word_1_213' title='bbox 870 4106 1076 4190; x_wconf 88' lang='lat' dir='ltr'><strong>singularem</strong></span> <span class='ocrx_word' id='word_1_214' title='bbox 1089 4118 1333 4193; x_wconf 87' lang='lat' dir='ltr'><strong>protectorem,</strong></span> 
     </span>
     <span class='ocr_line' id='line_1_35' title="bbox 223 4209 1333 4298; baseline -0.004 -13"><span class='ocrx_word' id='word_1_215' title='bbox 223 4220 363 4286; x_wconf 91' lang='lat' dir='ltr'><strong>unicum</strong></span> <span class='ocrx_word' id='word_1_216' title='bbox 385 4224 419 4278; x_wconf 90' lang='lat' dir='ltr'><strong>et</strong></span> <span class='ocrx_word' id='word_1_217' title='bbox 440 4229 638 4296; x_wconf 87' lang='lat' dir='ltr'><strong>supremum</strong></span> <span class='ocrx_word' id='word_1_218' title='bbox 660 4209 849 4282; x_wconf 87' lang='lat' dir='ltr'><strong>dominum,</strong></span> <span class='ocrx_word' id='word_1_219' title='bbox 871 4216 905 4272; x_wconf 85' lang='lat' dir='ltr'><strong>et</strong></span> <span class='ocrx_word' id='word_1_220' title='bbox 930 4219 1102 4294; x_wconf 89' lang='lat' dir='ltr'><strong>quantum</strong></span> <span class='ocrx_word' id='word_1_221' title='bbox 1126 4235 1187 4298; x_wconf 90' lang='lat' dir='ltr'><strong>per</strong></span> <span class='ocrx_word' id='word_1_222' title='bbox 1207 4217 1333 4283; x_wconf 81' lang='lat' dir='ltr'><strong>Christi</strong></span> 
     </span>
     <span class='ocr_line' id='line_1_36' title="bbox 224 4312 1333 4410; baseline 0.001 -24"><span class='ocrx_word' id='word_1_223' title='bbox 224 4327 330 4410; x_wconf 88' lang='lat' dir='ltr'><strong>legem</strong></span> <span class='ocrx_word' id='word_1_224' title='bbox 363 4320 441 4383; x_wconf 85' lang='lat' dir='ltr'><strong>licet</strong></span> <span class='ocrx_word' id='word_1_225' title='bbox 472 4316 577 4378; x_wconf 85' lang='lat' dir='ltr'><strong>etiam</strong></span> <span class='ocrx_word' id='word_1_226' title='bbox 606 4317 796 4394; x_wconf 80' lang='lat' dir='ltr'><strong>supremum</strong></span> <span class='ocrx_word' id='word_1_227' title='bbox 826 4312 945 4394; x_wconf 73' lang='lat' dir='ltr'><strong>Caput,</strong></span> <span class='ocrx_word' id='word_1_228' title='bbox 976 4313 1082 4396; x_wconf 89' lang='lat' dir='ltr'><strong>ipsius</strong></span> <span class='ocrx_word' id='word_1_229' title='bbox 1109 4319 1333 4401; x_wconf 88' lang='lat' dir='ltr'><strong>majestatem</strong></span> 
     </span>
     <span class='ocr_line' id='line_1_37' title="bbox 222 4415 1334 4513; baseline -0.004 -17"><span class='ocrx_word' id='word_1_230' title='bbox 222 4423 503 4513; x_wconf 82' lang='lat' dir='ltr'><strong>recognoscimus)</strong></span> <span class='ocrx_word' id='word_1_231' title='bbox 519 4415 764 4499; x_wconf 87' lang='lat' dir='ltr'><strong>conspirantes,</strong></span> <span class='ocrx_word' id='word_1_232' title='bbox 782 4421 846 4479; x_wconf 86' lang='lat' dir='ltr'><strong>etc.</strong></span> <span class='ocrx_word' id='word_1_233' title='bbox 894 4415 990 4499; x_wconf 80' lang='lat' dir='ltr'><strong>Quae</strong></span> <span class='ocrx_word' id='word_1_234' title='bbox 1007 4421 1113 4484; x_wconf 90' lang='lat' dir='ltr'><strong>verba</strong></span> <span class='ocrx_word' id='word_1_235' title='bbox 1129 4443 1334 4510; x_wconf 90' lang='lat' dir='ltr'><strong>quanquam</strong></span> 
     </span>
    </p>
   </div>
   <div class='ocr_carea' id='block_1_9' title="bbox 0 0 1486 5002">
    <p class='ocr_par' dir='ltr' id='par_1_9' title="bbox 0 0 1486 5002">
     <span class='ocr_line' id='line_1_38' title="bbox 0 0 1486 5002; baseline 0 1"><span class='ocrx_word' id='word_1_236' title='bbox 0 0 1486 5002; x_wconf 95' lang='lat' dir='ltr'><strong> </strong></span> 
     </span>
    </p>
   </div>
  </div>
 </body>
</html>
