2918 5010
437 390 643 459 Nonrnsnv
668 388 939 459 Convocartou.
1178 401 1242 471 215

127 584 259 669 signavi
289 592 430 670 rogatus
458 591 494 650 et
524 585 708 671 requisitus
737 585 773 651 in
802 584 905 650 fidem
935 588 970 649 et
1000 581 1238 649 testimonium

127 689 401 772 praemissorum.

216 846 261 909 Et
301 850 440 911 constat
481 845 566 910 mihi
605 844 751 911 Notario
788 843 927 929 publico
964 842 1164 928 supradicto
1195 841 1239 906 de

128 948 403 1014 interlineatione
427 949 531 1033 hujus
555 949 726 1025 dictionis,
748 949 767 973 ‘⁶
780 946 992 1034 quondam,”
1013 946 1103 1011 inter
1120 945 1240 1011 vicesi-

128 1073 221 1117 mam
251 1053 438 1118 secundam
470 1060 504 1117 et
536 1053 735 1118 vicesimam
766 1052 906 1117 tertiam
937 1051 1044 1116 lineas
1074 1071 1096 1116 a
1124 1049 1239 1135 capite

129 1156 232 1239 hujus
247 1157 466 1222 instrumenti
482 1157 745 1242 computandas,
760 1177 867 1242 quam
882 1155 1068 1221 dictionem
1083 1154 1239 1240 approbo
1294 1152 1297 1157 '

128 1268 163 1324 et
194 1261 288 1325 omni
318 1261 457 1326 sinistra
487 1260 679 1345 suspicione
710 1280 824 1327 carere
854 1260 934 1325 volo
969 1259 1043 1345 Ego
1074 1258 1240 1324 Notarius

129 1364 334 1430 antedictus

215 1519 260 1582 Et
297 1519 370 1603 Ego
406 1518 606 1602 Reynoldus
648 1518 794 1603 Beysley
828 1516 1031 1583 Coventriae
1065 1521 1101 1581 et
1141 1515 1240 1581 Lich-

128 1622 297 1686 lieldensis
343 1622 535 1687 dioeceseos
581 1623 740 1707 publicus
785 1621 994 1688 auctoritate
1039 1619 1240 1706 Apostolica

127 1726 292 1802 notarius,
312 1726 405 1811 quia,
426 1734 490 1791 etc.

216 1866 262 1929 Et
311 1865 384 1950 Ego
431 1866 661 1932 Christoierus
707 1865 865 1950 Beysley,
900 1865 1004 1931 Ebor.
1046 1864 1239 1931 dioeceseos

130 1971 287 2054 publicus
306 1970 515 2035 auctoritate
534 1970 724 2055 apostolica
741 1970 907 2046 notarius,
926 1968 1019 2054 quia,
1039 1973 1104 2035 etc.

218 2111 289 2176 Nos
331 2111 435 2196 igitur
477 2110 679 2188 Edwardus,
721 2110 995 2196 archiepiscopus
1036 2109 1165 2195 primas
1203 2114 1240 2176 et

131 2214 263 2299 legatus
292 2215 499 2291 antedictus,
531 2215 734 2299 petitionem
763 2221 798 2279 et
827 2213 1114 2299 supplicationem
1142 2233 1240 2299 prae·

131 2319 241 2383 dictas
260 2319 382 2403 justas,
401 2327 436 2384 et
457 2319 581 2384 rationi
601 2339 769 2384 consonas
789 2319 892 2384 luisse
909 2323 944 2382 et
961 2338 1034 2383 esse
1050 2323 1239 2395 censentes,

131 2423 262 2488 dictum
287 2424 556 2489 instmmentum
578 2423 767 2508 publicum,
791 2428 832 2489 ut
853 2422 1099 2508 praemittitur,
1123 2442 1240 2489 coram

130 2528 229 2592 nobis
254 2528 448 2592 exhibitum
474 2529 508 2594 in
534 2528 660 2594 notarii
684 2528 814 2613 publici
838 2548 879 2593 ac
904 2527 1046 2593 testium
1070 2526 1231 2614 subscrip

132 2638 246 2696 torum
263 2633 457 2715 praesentia
475 2632 705 2717 palpavimus,
725 2632 946 2717 inspeximus,
964 2637 1000 2696 et
1017 2630 1063 2696 ad
1079 2630 1239 2698 effectum

132 2736 388 2821 infrascriptum
407 2737 683 2802 examinavimus
700 2736 890 2823 diligenter.

220 2879 265 2943 Et
285 2878 368 2963 quia
387 2878 520 2943 dictum
539 2880 810 2944 instrumentum
829 2876 1005 2963 publicum
1024 2898 1094 2943 non
1113 2897 1241 2957 rasum,

131 3004 198 3047 non
219 2983 388 3047 obolitum
411 2983 495 3066 (sic),
516 3003 585 3048 non
605 2982 845 3057 cancellatum,
865 2981 981 3047 necin
1001 2980 1117 3066 aliqua
1136 2982 1243 3068 ipsius

131 3094 229 3171 parte
257 3087 380 3152 saltem
408 3085 629 3152 substantiali
657 3092 868 3171 suspectum,
896 3084 957 3150 sed
984 3085 1078 3150 omni
1105 3105 1244 3171 prorsus

132 3191 218 3254 vitio
247 3198 282 3254 et
312 3191 450 3255 sinistra
479 3190 672 3275 suspicione
701 3190 745 3255 ad
775 3195 875 3254 extra
902 3188 1061 3253 sensibile
1089 3197 1246 3257 carentes

132 3294 335 3367 invenimus,
358 3294 483 3359 idcirco
503 3294 548 3359 ad
574 3314 712 3359 omnem
739 3293 825 3377 juris
844 3292 1017 3366 ellectum,
1036 3293 1097 3377 qui
1122 3294 1246 3361 exinde

132 3397 226 3482 sequi
241 3398 380 3481 poterit,
395 3419 458 3483 pro
475 3397 650 3473 tribunali,
665 3405 704 3463 ut
721 3397 923 3483 praefertur,
937 3394 1106 3473 sedentes,
1120 3398 1247 3465 nostris

133 3502 341 3567 auctoritate
374 3509 409 3567 et
438 3503 576 3567 decreto
604 3502 737 3568 dictum
771 3501 1040 3567 instrumentum
1070 3500 1248 3586 publicum

132 3607 395 3691 publicavimus,
407 3628 447 3671 ac
461 3607 545 3671 illud
559 3626 620 3691 per
633 3606 808 3686 notarium
821 3604 998 3690 publicum
1011 3605 1245 3692 subscriptum

132 3711 279 3775 scribam
324 3711 423 3776 nobis
467 3712 502 3777 in
547 3712 612 3775 hac
656 3717 755 3795 parte
800 3714 1019 3794 assumptum
1064 3712 1246 3789 transmisi,

133 3815 330 3899 exemplari,
368 3815 547 3891 subscribi,
586 3821 621 3879 et
658 3814 693 3879 in
729 3813 905 3899 publicam
941 3819 976 3878 et
1013 3814 1247 3883 auctenticam

134 3920 279 3983 sormam
304 3918 420 4003 redigi,
446 3918 589 4004 ejusque
612 3918 709 4004 signo
732 3923 767 3982 et
791 3916 929 3983 nomine
952 3916 1079 4003 signari
1102 3919 1245 3986 manda·

132 4022 246 4087 vimus
275 4029 309 4087 et
340 4023 505 4099 lecimus;
534 4023 662 4109 quibus
689 4021 831 4108 quidem
861 4022 1100 4106 transumptis,
1130 4023 1179 4089 sic
1207 4031 1248 4091 ut

134 4127 335 4211 praefertur,
372 4127 406 4192 in
441 4127 615 4211 publicam
651 4127 798 4191 tonnam
833 4124 980 4191 redactis
1015 4125 1117 4192 sicuti
1151 4127 1247 4195 dicto

133 4231 363 4296 instrumento
406 4231 555 4316 public0,
600 4231 738 4316 plenam
781 4235 817 4294 et
862 4229 1099 4296 indubitatam
1142 4230 1248 4298 fidem

133 4335 377 4410 adhibendam,
408 4343 481 4400 tam
511 4335 546 4400 in
574 4334 703 4419 judicio
735 4354 843 4420 quam
876 4340 987 4409 extra,
1021 4333 1247 4413 decrevimus,

133 4440 248 4525 sicque
265 4460 327 4526 per
343 4446 541 4524 praesentes
558 4438 773 4505 decemimus
789 4437 935 4504 ubilibet
953 4439 989 4503 in
1006 4438 1158 4525 agendis.
