2918 5010
477 375 682 440 Nonruann
707 375 977 441 Convocarrou.
1222 393 1281 456 141

171 577 386 654 praesentem
432 569 683 632 ordinationem
729 569 912 631 observent
959 568 993 631 in
1039 567 1198 631 omnibus
1244 574 1282 631 ut

172 682 343 738 tenentur.
391 673 534 756 Juribus
559 681 592 737 et
618 673 836 736 libertatibus
861 672 1020 735 ecclesiae
1046 672 1224 736 Romanae
1249 679 1283 735 et

171 779 380 862 apostolicae
402 777 491 841 sedis
514 778 546 841 in
571 777 764 860 praemissis
785 796 919 859 semper
940 777 1054 840 salvis.
1077 846 1081 852 ,
1103 776 1284 840 Praeterea

171 904 250 947 cum
294 884 327 946 in
370 883 625 946 Convocatione
672 880 904 964 praelatorum
947 887 980 944 et
1024 880 1102 944 cleri
1146 887 1284 944 nostrae

171 987 368 1071 provinciae
402 987 592 1069 praelibata
626 985 670 1048 ad
704 984 841 1048 laudem
874 985 1017 1069 gloriam
1051 991 1084 1048 et
1119 986 1283 1048 honorem

172 1091 387 1156 invictissimi
407 1090 542 1153 Christi.

185 1347 384 1414 Constitutio
405 1349 491 1431 quod
615 1347 764 1411 Martiris
813 1346 947 1429 Georgii
990 1348 1127 1431 patroni
1169 1349 1284 1433 gentis

172 1455 291 1534 festum
311 1454 346 1518 5.
369 1347 520 1551 Georgii]
542 1452 750 1536 Anglicanae
824 1452 1125 1535 praecipuissimus
1193 1454 1285 1517 diem

173 1559 231 1621 sub
248 1558 351 1641 officio
371 1556 500 1641 duplici
542 1557 640 1620 annis
653 1557 793 1640 singulis
807 1557 1116 1622 Christianissimus
1128 1559 1285 1642 princeps

209 1662 389 1735 celebretur,
406 1668 459 1725 etc.
541 1661 700 1725 dominus
723 1668 839 1725 noster
858 1662 1017 1726 dominus
1037 1662 1205 1727 Henricus
1222 1662 1284 1726 Dei

173 1766 283 1851 gratia
314 1787 372 1829 rex
403 1766 545 1850 Angliae
575 1767 692 1828 haeres
721 1773 755 1829 et
786 1786 903 1850 regens
928 1767 1020 1851 regni
1050 1767 1213 1832 Franciae
1245 1789 1285 1832 ac

173 1871 332 1935 dominus
365 1871 550 1934 Hiberniae
582 1870 829 1934 illustrissimus
861 1890 900 1933 eo
932 1871 1190 1935 commendavit
1220 1873 1285 1936 sub

174 1975 365 2058 potioribus
399 1975 652 2058 solempnitatis
687 1974 839 2058 insigniis
874 1974 1104 2039 attollendum
1138 1996 1208 2059 quo
1243 1976 1285 2039 de

173 2080 243 2144 suis
263 2080 470 2143 saevissimis
491 2079 648 2142 hostibus
669 2078 874 2142 felicioribus
895 2079 1079 2162 triumphis
1100 2080 1133 2142 in
1155 2080 1285 2144 virtute

174 2184 329 2248 altissimi
352 2183 394 2247 ad
416 2184 579 2247 devotam
600 2183 707 2265 ipsius
726 2182 957 2267 gloriosissimi
978 2183 1128 2247 martiris
1148 2184 1285 2249 invoca-

175 2288 304 2352 tionem
326 2288 634 2371 supernaturaliter
655 2294 707 2350 est
730 2287 863 2370 positus
885 2308 925 2351 ac
947 2287 989 2350 de
1011 2286 1086 2371 ejus
1108 2288 1286 2371 praesidiis

175 2392 282 2456 indies
329 2391 470 2455 contidit
518 2391 648 2455 firmius
695 2391 728 2454 in
776 2391 917 2475 agendis
965 2392 1090 2456 testum
1138 2393 1285 2476 praefati

174 2496 379 2563 sanctissimi
404 2496 553 2559 martiris
576 2495 710 2579 Georgii
734 2497 798 2559 sub
822 2495 949 2578 duplici
973 2495 1083 2559 officio
1106 2497 1285 2581 principali

177 2602 211 2664 in
228 2601 388 2664 omnibus
404 2601 551 2663 ecclesiis
567 2600 680 2663 dictae
696 2606 833 2663 nostrae
850 2600 1046 2682 provinciae
1066 2602 1288 2685 solempniter
1365 2612 1368 2618 '

176 2704 428 2777 celebrandum,
453 2725 491 2767 ac
515 2725 533 2767 a
557 2704 762 2768 mechanicis
785 2704 927 2787 aliisque
949 2705 1109 2788 operibus
1132 2706 1166 2769 in
1191 2706 1288 2770 iestis

176 2808 378 2893 hujusmodi
401 2808 442 2870 de
464 2828 557 2872 more
578 2808 825 2872 consuetudine
842 2829 900 2872 seu
918 2810 1138 2874 observantia
1155 2810 1287 2874 ecclesi·

176 2933 273 2977 arum
294 2912 448 2995 ejusdem
470 2912 661 2975 interdictis
680 2912 883 2976 cessandum
904 2914 1112 2977 auctoritate
1132 2914 1287 2997 ejusdem

176 3017 304 3081 consilii
328 3024 361 3080 et
384 3023 501 3080 nostra
525 3015 692 3080 indictum
715 3017 868 3079 extiterit
891 3023 1065 3080 statutum
1088 3017 1286 3082 ordinatum

176 3122 304 3205 pariter
339 3141 378 3184 ac
414 3120 590 3183 decretum
626 3140 665 3183 ac
701 3121 875 3203 perpetuis
912 3120 1036 3183 luturis
1073 3122 1287 3204 temporibus

177 3225 299 3289 annuis
328 3224 487 3288 devotius
517 3223 781 3287 observandum.
830 3223 935 3286 Vobis
965 3225 1173 3288 auctoritate
1203 3225 1285 3289 dicti

176 3330 304 3393 consilii
354 3337 388 3391 et
441 3336 557 3391 nostra
611 3328 642 3391 in
696 3328 825 3391 virtute
877 3327 1093 3391 obedientiae
1144 3327 1288 3393 firmiter

176 3433 386 3518 injungendo
422 3433 628 3496 mandamus
663 3433 828 3516 quatinus
864 3433 980 3495 omnia
1027 3433 1213 3515 praemissa
1251 3440 1286 3498 et

176 3538 308 3622 singula
334 3558 394 3620 per
419 3544 551 3600 vestras
576 3537 755 3600 civitatem
778 3543 811 3599 et
837 3536 1018 3600 dioecesim
1042 3537 1220 3620 publicari,
1248 3542 1286 3601 ut

176 3642 348 3717 convenit,
384 3641 548 3705 iacientes
582 3640 815 3704 ordinationes
849 3640 1043 3724 praedictas
1077 3641 1111 3704 in
1145 3641 1287 3725 singulis

178 3746 328 3810 articulis
391 3746 641 3828 promotionem
701 3744 949 3828 graduatorum
1012 3745 1286 3810 Universitatum

177 3850 430 3933 praedictarum
477 3870 607 3912 necnon
656 3849 733 3912 testi
779 3849 976 3932 hujusmodi
1022 3850 1287 3914 celebrationem

179 3954 400 4039 tangentibus
452 3960 624 4037 quatenus
677 3973 857 4036 personam
910 3960 1061 4018 vestram
1113 3954 1287 4018 concernit

177 4059 365 4122 observetis
391 4078 430 4121 ac
457 4078 516 4139 per
542 4065 673 4120 vestros
699 4057 857 4121 subditos
883 4057 1018 4121 faciatis
1045 4058 1288 4122 inviolabiliter

177 4162 360 4225 observari.
411 4162 450 4224 ln
481 4161 579 4242 cujus
610 4161 655 4224 rei
687 4162 923 4225 testimonium
954 4161 1100 4245 sigillum
1130 4170 1287 4226 nostrum

178 4266 319 4329 lecimus
338 4266 390 4328 his
410 4266 546 4347 apponi.
597 4266 726 4330 Datum
748 4267 781 4329 in
802 4266 954 4330 manerio
973 4272 1091 4329 nostro
1111 4265 1152 4329 de
1172 4266 1288 4351 Thorp

177 4369 276 4453 juxta
314 4371 415 4433 Ebot.
451 4369 520 4452 xxij
553 4370 607 4432 die
640 4370 764 4433 mensis
800 4369 955 4452 Januarii
989 4386 1058 4434 Ab.
1093 4386 1287 4446 iimccxlii,

177 4481 211 4539 et
231 4480 368 4539 nostrae
388 4473 622 4538 translationis
641 4487 739 4539 xv¹¹¹0.
