2918 5010
483 360 689 426 Nonrurnu
721 361 990 427 Convocnrrou.
1233 379 1294 445 199

176 554 290 638 plures
315 561 351 619 et
376 553 530 619 diversas
555 552 822 618 consuetudines
847 552 1053 617 necessarias
1078 558 1113 616 et
1138 552 1292 618 salubres

176 659 327 723 vicissim
349 659 420 723 suis
444 658 629 723 ediderunt
653 655 887 738 temporibus:
914 675 976 719 nos
999 675 1080 719 vero
1103 655 1290 738 Johannes,

176 762 453 848 archiepiscopus
483 761 691 836 antedictus,
722 779 840 824 eorum
869 760 1021 845 vestigiis
1049 759 1146 844 sequi
1176 761 1290 825 inhae-

176 874 299 943 rentes,
325 868 481 932 volentes
501 867 536 931 in
559 866 660 930 vinea
686 864 824 928 Domini
848 865 892 928 ob
913 864 1115 928 salutemet
1137 865 1290 949 quietem

176 972 293 1056 populi
328 972 427 1037 nobis
461 971 608 1054 subjecti
643 971 809 1044 laborare,
845 975 884 1034 ut
920 989 1021 1033 verae
1055 969 1290 1036 retributionis

176 1075 323 1160 recipere
348 1076 525 1140 valeamus
549 1075 729 1140 denarium
754 1081 831 1158 post
857 1074 1031 1149 laborem;
1057 1073 1099 1138 de
1122 1074 1289 1160 suffraga-

175 1202 317 1246 neorum
355 1188 552 1246 nostrorum
590 1202 629 1245 ac
667 1179 910 1264 praelatorum,
957 1186 991 1241 et
1033 1178 1111 1242 cleri
1151 1185 1289 1246 nostrae

176 1287 373 1370 provinciae
393 1288 427 1350 in
449 1288 513 1350 hoc
534 1286 677 1350 concilio
699 1282 898 1368 provinciali
921 1283 1018 1347 uobis
1040 1283 1285 1361 assistentium,

175 1391 364 1455 deliberato
394 1390 538 1455 concilio
568 1390 765 1462 statuimus,
797 1388 1028 1471 providemus
1060 1388 1286 1466 decemimus,

175 1501 208 1558 et
229 1495 440 1570 ordinamus,
462 1495 556 1579 quod
577 1493 768 1579 presbyteri
789 1492 894 1556 etiam
915 1493 1087 1557 cantarias
1108 1494 1285 1571 habentes,

175 1605 209 1663 et
245 1599 301 1663 alii
337 1599 542 1672 sacerdotes,
581 1598 726 1682 propriis
760 1598 957 1680 sumptibus
992 1598 1046 1661 vel
1082 1598 1288 1665 annualibus

174 1704 372 1778 sustentati,
387 1704 420 1768 in
438 1703 564 1767 nostris
580 1703 733 1777 civitate,
751 1702 906 1776 dioecesi,
925 1708 958 1765 et
975 1703 1152 1785 provincia
1169 1702 1287 1768 divina

174 1808 397 1882 celebrantes,
439 1807 597 1892 proximo
636 1807 691 1871 die
731 1805 903 1870 dominico
943 1827 1002 1870 seu
1043 1807 1167 1870 festivo
1208 1815 1286 1892 post

174 1911 417 1976 admissionem
441 1932 540 1976 suam
563 1912 607 1975 ad
630 1910 872 1975 celebrandum
896 1910 930 1974 in
954 1909 1111 1985 ecclesiis,
1136 1911 1284 1995 capellis,

174 2016 227 2079 vel
257 2016 339 2080 locis
369 2016 443 2079 aliis
473 2016 591 2080 divino
621 2015 728 2080 cultui
758 2014 943 2097 dispositis,
974 2014 1151 2097 jurabunt,
1184 2015 1286 2079 tactis

173 2121 399 2185 sacrosanctis
434 2121 495 2183 Dei
529 2120 723 2205 evangeliis,
757 2139 873 2182 coram
906 2119 1104 2190 rectoribus,
1138 2118 1284 2194 vicariis

174 2224 227 2288 vel
263 2225 337 2288 aliis
372 2225 486 2288 locum
521 2244 639 2289 eorum
676 2223 883 2296 tenentibus,
920 2223 1014 2307 quod
1049 2222 1196 2286 ecclesiis
1231 2224 1286 2288 vel

174 2328 312 2412 capellis
353 2349 471 2392 eorum
514 2329 744 2414 vicegerentes
784 2327 917 2392 nullum
958 2328 1097 2392 omnino
1139 2328 1285 2393 inferent

174 2431 424 2516 praejudicium
455 2433 509 2496 vel
540 2433 716 2506 damnum,
748 2431 836 2496 circa
867 2432 1068 2506 oblationes
1099 2432 1284 2517 portiones,

174 2535 334 2610 decimas,
371 2537 543 2610 trentalia,
578 2537 735 2601 denarios
768 2556 829 2619 pro
862 2537 1028 2621 requestis
1060 2537 1132 2601 sive
1164 2537 1286 2622 legatis

173 2647 400 2715 mortuomm,
420 2642 473 2704 vel
491 2642 558 2705 alia
575 2642 662 2724 jura,
681 2661 886 2725 quocunque
903 2642 1040 2705 nomine
1057 2647 1262 2707 censeantur
1277 2663 1283 2719 ;

173 2743 289 2819 immo,
314 2752 486 2829 quatenus
512 2747 545 2810 iu
570 2747 617 2809 eis
642 2752 703 2819 est,
727 2745 863 2809 eosdem
889 2753 1046 2822 rectores,
1070 2747 1224 2821 vicarios
1250 2754 1285 2812 et

172 2869 290 2913 eorum
316 2849 589 2914 locumtenentes
615 2851 803 2913 servabunt
830 2849 1005 2914 indemnes
1032 2851 1064 2915 in
1090 2851 1284 2935 praemissis

173 2958 207 3015 et
228 2952 371 3037 singulis
393 2953 666 3037 praemissorum.
715 2953 838 3035 Jurent
861 2955 966 3018 etiam
987 2956 1180 3038 specialiter
1200 2956 1284 3020 dicti

174 3058 379 3131 sacerdotes,
404 3059 498 3142 quod
523 3059 611 3133 odia,
637 3057 810 3131 scandala,
837 3058 938 3132 rixas,
964 3060 1199 3133 contumelias,
1225 3080 1284 3125 seu

173 3162 410 3226 contentiones
425 3163 515 3227 iuter
529 3172 685 3236 rectores,
702 3162 857 3235 vicarios,
873 3183 912 3226 ac
927 3182 1044 3227 eorum
1059 3164 1284 3247 parochianos

173 3264 266 3330 nullo
288 3266 391 3328 modo
413 3272 620 3339 sustentent,
642 3266 794 3339 foveant,
816 3271 877 3329 aut
899 3266 1092 3330 sustineant
1112 3272 1284 3350 quatenus

173 3368 207 3432 in
227 3369 274 3432 eis
294 3369 369 3441 erit,
391 3370 497 3433 immo
519 3370 736 3434 concordiam
757 3371 913 3434 nutriant
933 3376 967 3434 et
990 3372 1173 3435 observent
1195 3371 1286 3436 inter

172 3492 250 3536 eos:
277 3480 311 3536 et
332 3473 479 3556 praelati
499 3473 694 3537 sacerdotes
714 3473 802 3538 infra
822 3474 1012 3548 civitatem,
1033 3475 1225 3550 dioecesim,
1249 3482 1283 3540 et

173 3577 385 3659 provinciam
404 3583 539 3640 nostras
557 3577 675 3641 divina
693 3598 761 3642 non
780 3578 963 3653 celebrent,
983 3578 1043 3643 sed
1062 3579 1109 3643 eis
1127 3599 1284 3665 expresse

172 3679 432 3754 interdicantur,
462 3680 569 3744 donec
597 3681 783 3763 praemissa
812 3682 1046 3766 praestiterint
1075 3681 1283 3767 juramenta,

173 3783 227 3847 vel
246 3804 383 3867 percos
403 3785 549 3858 steterit,
570 3785 756 3868 quominus
776 3787 1011 3871 praestiterint
1028 3807 1034 3863 ;
1060 3793 1095 3852 et
1115 3788 1284 3853 celebrare

172 3889 199 3952 si
232 3889 533 3973 praesumpserint,
567 3894 703 3973 praeter
733 3910 860 3974 poenas
892 3891 986 3965 alias,
1018 3912 1106 3976 quas
1136 3912 1285 3957 canones

173 3994 341 4058 inducunt
369 4002 490 4058 contra
517 3994 728 4059 celebrantes
755 3996 789 4059 in
818 3995 899 4059 locis
927 3995 1128 4070 interdictis,
1158 3996 1284 4082 irregu-

173 4098 346 4162 laritatem
390 4100 578 4173 incurrant,
621 4099 648 4162 si
691 4119 806 4164 coram
849 4100 919 4165 suis
962 4100 1142 4165 ordinariis
1183 4122 1285 4187 super

173 4203 366 4286 praemissis
396 4202 521 4266 luerint
544 4197 709 4267 convicti.
759 4203 903 4286 Insuper
930 4210 1047 4268 tamen
1075 4203 1123 4268 eis
1145 4204 1285 4270 interdi-

172 4312 273 4371 catur
295 4307 413 4370 divina
438 4306 633 4382 celebratio,
658 4306 767 4372 donec
791 4307 894 4373 fuerit
919 4328 998 4373 cum
1022 4307 1070 4373 eis
1093 4328 1197 4394 super
1220 4309 1286 4376 hoc

172 4411 322 4498 legitime
340 4411 589 4497 dispensatum.
