2918 5010
488 388 693 455 Nonrnenn
718 390 987 460 Convocnrrou.
1235 411 1297 476 193

180 589 215 647 et
239 583 424 647 laesionem
447 602 632 648 enormem.
681 582 753 648 Nos
776 591 893 649 autem
917 585 1107 669 praesentis
1130 585 1296 650 delibera·

181 688 274 753 tione
297 688 429 752 concilii
453 707 572 753 omnes
594 693 628 752 et
651 688 802 772 singulos
825 690 858 754 in
882 689 1076 774 praemissis
1098 690 1153 754 vel
1176 690 1294 756 eorum

180 792 353 876 aliquibus
380 791 620 876 delinquentes
646 812 707 857 seu
735 794 921 877 praemissa
949 794 1002 858 vel
1031 814 1149 860 eorum
1178 795 1302 879 aliqua·
1347 836 1349 841 -

180 896 214 961 in
247 897 317 961 suis
350 896 444 960 iacta
476 896 623 980 negotiis
654 916 714 962 seu
747 898 945 963 nominibus
977 918 1095 962 eorum
1129 903 1205 963 rata
1238 897 1294 961 vel

178 1004 320 1084 accepta
351 1001 529 1074 habentes
561 1000 625 1064 hoc
655 1021 753 1065 sacro
783 1002 1000 1085 approbante
1029 1001 1184 1076 concilio,
1216 1020 1293 1084 pro-

178 1105 382 1170 nunciamus
396 1104 538 1188 majoris
553 1105 919 1170 excommunicationis
933 1095 1106 1171 sententia
1122 1105 1291 1179 innodari,

176 1229 324 1292 quorum
347 1208 600 1274 absolutionem
623 1208 833 1274 dioecesanis
856 1210 1008 1275 locorum
1031 1210 1210 1294 episcopia
1234 1210 1291 1274 vel

176 1312 449 1396 jurisdictionem
464 1312 692 1397 episcopalem
708 1313 917 1378 habentibus
932 1313 1126 1398 specialiter
1140 1333 1290 1378 reserva-

176 1436 263 1492 mus,
293 1423 328 1481 et
358 1416 596 1500 delinquentes
625 1416 824 1500 hujusmodi
853 1424 978 1502 quater
1006 1419 1105 1483 annis
1134 1418 1287 1504 singulis,

176 1521 210 1585 in
246 1522 380 1586 cunctis
415 1520 563 1588 ecclesiis
598 1520 852 1604 parochialibus
887 1527 1025 1586 nostrae
1061 1521 1289 1587 Eboracensis

176 1625 372 1708 provinciae
422 1627 748 1702 excommunicatos
801 1627 835 1692 in
885 1646 1006 1712 genere
1058 1627 1287 1711 praecipimus

176 1729 310 1813 publice
329 1730 557 1813 pronunciari.

263 1870 404 1935 Dierum
422 1871 633 1936 invalescens
649 1871 793 1948 malitia,
810 1894 880 1958 qua
898 1871 1048 1937 mundus
1064 1872 1099 1936 in
1116 1871 1287 1939 deteriora

174 1975 301 2061 jugiter
342 1977 480 2052 labitur,
525 1978 703 2043 hominum
746 1983 879 2042 mentes
921 1977 956 2041 in
1000 1983 1157 2061 apertam
1201 1976 1285 2042 lacit

174 2081 365 2165 nequitiam
383 2081 535 2164 prosilire
551 2102 557 2158 ;
582 2081 675 2148 unde
691 2089 829 2148 nostrae
846 2081 1043 2166 provinciae
1060 2082 1286 2147 Eboracensis

174 2185 328 2249 nonnulli
345 2185 419 2250 aliis
434 2186 613 2272 malignari
629 2193 804 2262 conantes,
822 2185 941 2250 brevia
956 2186 1047 2271 regia
1062 2184 1105 2250 de
1120 2191 1286 2269 computo

174 2288 246 2353 sive
273 2290 549 2374 transgressione,
577 2292 632 2355 vel
659 2291 725 2356 alia
751 2296 872 2355 contra
898 2290 983 2366 illos,
1010 2289 1137 2375 quibus
1163 2310 1284 2355 nocere

174 2392 381 2469 desiderant,
403 2393 448 2458 ad
469 2403 650 2460 extraneos
669 2396 867 2471 comitatus,
889 2395 924 2461 in
944 2395 1070 2479 quibus
1090 2395 1142 2460 sui
1164 2394 1284 2460 adver·

174 2498 252 2561 sarii
273 2517 451 2582 nunquam
472 2498 622 2575 luerunt,
643 2521 705 2565 nec
724 2505 971 2565 contraxerunt
991 2499 1045 2563 vel
1065 2498 1283 2583 deliquerunt

175 2600 312 2676 ibidem,
368 2602 503 2667 bonave
558 2605 842 2679 administrarunt
898 2603 981 2667 inibi
1035 2603 1282 2688 cujuscunque,

176 2704 410 2770 fraudulenter
427 2713 461 2770 et
480 2708 649 2773 malitiose
668 2709 852 2793 impetrare
870 2713 1094 2791 praesumunt
1111 2727 1118 2783 ;
1143 2714 1178 2772 et
1196 2706 1283 2773 adeo

172 2817 293 2875 eontra
320 2831 377 2874 eos
403 2811 600 2896 ignorantes
625 2813 714 2877 clam
741 2817 998 2896 prosequuntur
1023 2811 1058 2876 in
1086 2811 1161 2886 illis,
1188 2810 1283 2896 quod

173 2914 385 2998 utlagantur,
421 2914 476 2978 vel
512 2914 592 2980 loris
626 2916 839 2981 banniantur
868 2935 889 2979 a
919 2934 1041 3000 regno:
1078 2914 1170 2979 unde
1203 2935 1282 2980 cum

172 3037 349 3101 processus
389 3024 423 3082 et
463 3021 655 3086 sententiae
694 3026 814 3085 contra
856 3019 1052 3105 ignorantes
1092 3025 1126 3083 et
1167 3019 1284 3084 taliter

172 3122 366 3186 indefensos
400 3123 511 3188 habiti
546 3144 567 3187 a
601 3123 676 3207 jure
710 3124 834 3189 merito
868 3123 1104 3207 reprobentur,
1140 3142 1203 3187 nec
1236 3122 1282 3187 sit

172 3226 312 3290 malitiis
327 3226 506 3291 hominum
522 3226 769 3311 indulgendum
785 3247 792 3302 ;
816 3227 1014 3302 statuimus,
1030 3233 1070 3292 ut
1085 3227 1282 3312 quicunque

171 3334 281 3398 clerici
317 3335 371 3399 vel
411 3335 487 3399 laici
528 3333 562 3397 in
601 3338 720 3397 nostra
758 3331 936 3416 provincia
963 3331 1046 3395 talia
1073 3332 1279 3415 surreptitie,

173 3437 417 3513 fraudulenter,
445 3438 499 3503 vel
526 3437 697 3502 malitiose
723 3435 766 3501 de
792 3442 939 3512 caeter0,
966 3442 1007 3501 ut
1034 3437 1280 3520 praemittitur,

172 3542 396 3626 impetrantes
420 3549 455 3607 et
479 3548 735 3628 prosequentes,
761 3541 936 3617 facientes,
962 3546 1195 3626 procurantes,
1220 3561 1281 3607 seu

171 3645 215 3709 ad
263 3666 303 3711 ea
350 3646 598 3732 impendentes,
645 3646 792 3711 scienter
837 3665 1052 3722 consensum,
1101 3645 1279 3722 auxilium,

171 3750 360 3826 consilium,
392 3752 446 3816 vel
479 3752 642 3828 lavorem,
674 3757 736 3816 aut
767 3770 807 3815 ea
837 3757 914 3816 rata
944 3751 1112 3815 habentes
1142 3751 1281 3815 nomine

171 3874 233 3918 suo
259 3854 362 3929 iacta,
388 3854 528 3939 majoris
553 3855 918 3921 excommunicationis
943 3855 1119 3919 incurrant
1144 3861 1280 3920 senten-

172 3958 257 4022 tiam
276 3959 351 4042 ipso
371 3958 473 4023 iacto

261 4097 355 4160 Licet
393 4117 435 4161 ex
472 4099 615 4164 statutis
650 4098 784 4166 concilii
820 4101 986 4185 generalis
1023 4107 1057 4166 et
1095 4099 1281 4166 Clementis

173 4221 283 4285 papae
306 4201 517 4284 prohibitum
538 4201 583 4266 sit
603 4221 772 4287 expresse,
793 4222 836 4267 ne
856 4210 1055 4290 quaestores
1075 4205 1193 4290 aliqui,
1215 4206 1280 4270 nisi

173 4304 379 4388 apostolicas
402 4305 457 4369 vel
481 4305 671 4371 dioecesani
698 4304 815 4370 literas
837 4305 1067 4380 exhibuerint,
1091 4307 1281 4391 quomodo·

174 4409 256 4471 libet
295 4409 529 4474 admittantur
563 4408 619 4472 vel
652 4408 902 4495 permittantur
933 4407 1028 4473 aliud
1060 4414 1121 4472 aut
1153 4410 1283 4494 populo

350 4568 387 4632 ¹3
