2918 5010
197 333 261 417 '104
586 331 757 398 Reconos
782 329 834 397 or¹
850 349 921 397 rurs

241 524 311 585 that
333 523 418 600 John
439 523 472 582 ol
491 524 610 593 Gaunt,
632 522 725 582 Dulce
744 523 778 581 ol
798 522 980 592 lancaster,
1002 542 1065 582 was
1086 522 1186 582 about
1208 527 1241 581 to
1261 528 1306 581 sct

240 621 325 679 forth
341 639 382 679 on
398 640 416 679 a
431 620 576 698 journey‚
593 619 656 679 and
672 618 776 679 would
793 618 949 678 therefore
965 618 1043 679 need
1061 639 1079 678 a
1094 619 1177 696 good
1193 619 1312 698 supply

239 717 272 776 ot
287 736 412 795 money.

281 863 372 940 [Reg.
390 861 542 932 Hatfield‚
558 862 718 933 Dunelm„
736 862 756 920 l.
771 864 810 937 th
827 863 867 936 a]

288 1012 454 1076 Noverint
481 1010 628 1075 universi
653 1031 713 1094 per
736 1018 931 1094 praesentes
955 1012 1048 1096 quod
1074 1034 1135 1075 uos
1160 1013 1311 1078 Thomas

200 1117 443 1181 Dunolmensis
507 1115 698 1198 Episcopus
762 1116 1005 1180 constituimus
1072 1117 1212 1181 fecimus
1278 1124 1312 1181 et

199 1221 435 1285 ordinavimus
463 1227 597 1283 nostros
625 1240 723 1283 veros
751 1227 784 1283 et
814 1220 984 1303 legitimos
1012 1227 1251 1304 procuratores
1278 1228 1312 1285 et

199 1325 341 1389 nuncios
385 1324 546 1407 speciales
590 1322 668 1387 licet
713 1325 872 1387 absentes
911 1330 1079 1409 tanquam
1114 1332 1313 1408 praesentes

200 1429 365 1492 discretos
411 1427 502 1490 viros
549 1427 729 1510 Magistros
776 1427 983 1492 Willelmum
1030 1429 1071 1493 de
1126 1430 1310 1504 Famham,

200 1532 407 1596 Willelmum
445 1531 486 1595 de
504 1616 506 1622 Ι
525 1530 682 1594 Bouland
719 1531 858 1595 clericos
895 1540 1032 1597 nostrae
1070 1533 1313 1598 Dnnolmensis

199 1636 390 1701 dioeceseos
438 1635 524 1699 citra
572 1635 825 1700 revocationem
865 1637 1009 1701 aliorum
1049 1645 1311 1721 procuratorum

199 1748 394 1806 nostrornm
415 1748 449 1803 et
470 1739 659 1824 quemlibet
680 1761 799 1804 eorum
820 1741 854 1804 in
875 1741 1033 1816 solidum,
1057 1742 1106 1806 ita
1126 1742 1221 1826 quod
1242 1764 1310 1807 non

198 1845 242 1909 sit
283 1844 401 1907 melior
437 1843 589 1907 conditio
621 1845 822 1927 occupantis
854 1845 913 1909 sed
945 1846 1040 1929 quod
1071 1867 1161 1911 unus
1193 1867 1310 1911 eorum

199 1949 363 2032 inceperit
390 1948 534 2033 quilibet
562 1969 679 2013 eorum
706 1949 797 2012 licite
824 1951 983 2035 prosequi
1010 1951 1126 2014 valeat
1160 1951 1311 2015 mediare

199 2061 232 2118 et
281 2053 376 2116 finire
428 2052 550 2117 dantes
600 2053 727 2117 eisdem
778 2061 988 2137 potestatem
1035 2055 1228 2138 generalem
1276 2064 1310 2120 et

197 2158 402 2225 mandatum
441 2157 586 2240 speciale
627 2158 670 2222 ad
711 2159 983 2241 comparendum
1024 2180 1085 2242 pro
1125 2159 1224 2223 nobis
1271 2167 1306 2224 et

198 2262 337 2328 ecclesia
351 2268 467 2325 nostra
481 2261 515 2324 in
534 2261 788 2326 Convocatione
805 2263 883 2326 cleri
902 2263 1057 2327 facienda
1073 2262 1153 2328 *seu
1166 2263 1310 2328 concilio

197 2368 324 2432 ibidem
362 2365 587 2430 celebrando*
619 2365 673 2429 die
710 2367 826 2430 Lunae
867 2368 1023 2449 proximo
1063 2375 1141 2451 post
1182 2369 1308 2432 lestnm

197 2472 313 2539 Sancti
343 2470 464 2553 Jacobi
494 2469 649 2553 Apostoli
679 2490 757 2534 cum
787 2472 1039 2553 protestatione
1068 2493 1128 2556 per
1156 2493 1217 2536 nos
1246 2483 1308 2537 aut

198 2576 334 2642 nomine
358 2581 476 2638 nostro
500 2573 533 2637 in
560 2573 756 2656 hujusmodi
780 2574 1034 2639 Convocatione
1055 2576 1125 2639 lieri
1144 2584 1305 2641 consueta

196 2688 230 2746 et
245 2680 288 2745 ad
305 2676 588 2743 consentiendum
602 2677 704 2741 libere
717 2679 877 2741 omnibus
890 2701 978 2760 quae
993 2680 1120 2744 ibidem
1134 2680 1307 2745 duntaxat

198 2807 258 2872 pro
278 2784 428 2848 utilitate
450 2781 550 2865 Regis
568 2788 600 2844 ct
619 2782 711 2865 regni
730 2782 874 2866 Angliae
892 2784 1074 2867 cmrtigerit
1093 2784 1255 2856 ordinari,
1274 2792 1307 2849 et

197 2888 413 2975 allegandum
471 2904 592 2949 causas
649 2886 825 2950 absentiae
884 2896 1031 2961 nostrae,
1092 2889 1307 2971 protestandi

198 2991 406 3084 provocandi
447 2998 481 3053 et
521 2989 728 3073 appellandi,
766 2993 1052 3074 provocationem
1088 3000 1122 3057 et
1159 2992 1308 3077 appella-

198 3103 329 3168 tionum
389 3116 510 3159 causas
572 3096 795 3179 persequendi
861 3117 976 3159 coram
1045 3097 1307 3182 quibuscunque

196 3204 376 3294 Jrulicibus
414 3199 701 3282 competentibus,
735 3208 769 3262 et
812 3201 855 3264 ad
894 3201 1009 3265 omnia
1047 3202 1233 3285 praemissa
1273 3209 1306 3266 ct

196 3309 326 3395 stragula
370 3303 601 3369 substituendi
645 3311 678 3366 et
722 3305 952 3368 substitutum
995 3327 1054 3369 seu
1097 3307 1307 3370 substitutos

198 3410 377 3487 rmrrcauuli
414 3416 447 3473 et
485 3408 714 3491 procuratoris
750 3409 899 3472 officium
935 3410 968 3473 in
1005 3431 1039 3473 sc
1075 3411 1306 3474 reaffirmandi

196 3520 355 3615 ,panicus
386 3522 417 3579 u
451 3512 591 3598 quando
623 3512 749 3575 eisdem
782 3514 1061 3596 procuratoribus
1094 3523 1153 3579 aut
1187 3536 1305 3579 eorum

198 3625 297 3699 alicui
323 3619 495 3688 ridebitur
518 3616 687 3700 expedire,
714 3618 976 3699 provocationes
1000 3626 1032 3683 et
1058 3620 1306 3702 appellationes

199 3727 444 3805 uotitlnoulruu
463 3721 692 3788 intimandum
709 3729 743 3784 ct
760 3721 1005 3786 insinuandum
1023 3724 1213 3788 adirrrentes
1230 3732 1304 3788 tum

199 3843 245 3911 aa
276 3838 324 3905 eis
357 3841 388 3899 et
425 3830 469 3896 ab
504 3847 619 3891 rorum
654 3825 809 3908 quolibet
844 3826 1036 3910 specialiter
1071 3828 1305 3892 omnimodam

201 3953 407 4037 ladislaum
429 3936 461 4002 ia
483 3933 575 3999 ‹tit-tn
597 3931 851 3994 l‘onvocatione
874 3931 927 3994 die
951 3932 1126 4014 praedicto
1148 3940 1208 3997 aut
1231 3933 1305 3996 aliis

200 4078 228 4121 q
258 4067 367 4140 qaam
397 4038 567 4133 pinameni
598 4036 776 4120 contingat
808 4043 868 4098 aot
899 4035 977 4098 alibi
1011 4036 1044 4099 in
1075 4037 1213 4118 Judicio
1243 4058 1302 4101 seu

202 4178 297 4229 exn-a
342 4148 477 4218 tiaratae
522 4151 638 4211 nostro
684 4139 870 4223 aliquando
916 4148 1032 4203 actum
1078 4141 1305 4205 exercendum

208 4256 457 4343 {aewestan
482 4258 540 4317 aut
568 4244 844 4332 cornponendum
872 4251 931 4306 aut
959 4245 1082 4328 quovis
1109 4245 1175 4308 alio
1203 4245 1305 4309 modo

317 4444 402 4491 Xme
418 4448 444 4481 ar
458 4432 613 4481 adurerent
630 4426 702 4477 baud
718 4427 743 4474 in
759 4425 805 4473 the
820 4423 934 4486 margin.
