2918 5010
169 349 211 431 38
543 348 716 415 Rucoans
747 368 793 415 or
821 368 892 416 run

171 543 265 608 bulla
291 542 477 627 apostolica
504 547 695 617 contentos,
724 542 804 606 lecit
831 542 907 629 legi,
934 549 969 607 et
997 543 1065 609 toti
1091 546 1222 630 populo
1248 547 1284 612 in
1314 588 1320 593 -

172 647 288 733 lingua
306 653 461 711 materna
478 646 604 729 exponi
620 666 626 721 余
652 667 692 710 ac
709 647 953 711 attestationes
969 653 1104 732 septem
1122 670 1285 733 persona-

173 771 248 816 rum
277 751 461 815 eorundem
496 749 767 833 Templariorum
802 751 914 834 primo
941 752 1223 820 examinatarum
1251 755 1286 820 in

174 856 289 941 lingua
329 861 485 920 matema
526 855 661 938 publice
697 855 822 938 exponi
860 853 951 931 fecit,
984 856 1063 920 cleri
1096 864 1133 923 et
1166 859 1286 944 populi

175 960 396 1024 multitudine
425 959 628 1032 assistente余
653 958 800 1042 reliquas
829 965 946 1024 autem
975 962 1223 1029 attestationes
1251 971 1286 1028 et

175 1064 405 1148 depositiones
424 1085 485 1149 pro
504 1063 600 1127 lectis
623 1070 657 1127 et
685 1063 870 1147 publicatis
892 1065 1015 1128 habuit
1038 1065 1081 1129 de
1108 1069 1287 1134 communi

175 1169 314 1233 consilio
355 1169 462 1232 totius
501 1168 718 1252 provincialis
758 1169 900 1232 concilii.
948 1169 1163 1255 Traditaque
1204 1173 1287 1257 ipsis

176 1273 376 1357 Templariis
400 1273 498 1357 copia
522 1292 603 1336 vera
627 1272 812 1337 earundem
837 1273 1104 1339 attestationum
1129 1277 1286 1343 omnium

175 1383 209 1441 et
240 1377 461 1462 singularium
493 1381 566 1439 tam
597 1382 717 1440 contra
748 1376 935 1461 singulares
974 1398 1149 1462 personas,
1178 1402 1286 1466 quam

174 1486 295 1545 contra
320 1481 473 1544 ordinem
495 1480 703 1555 habitarum,
730 1481 888 1565 praefixit
915 1481 1005 1546 idem
1031 1490 1132 1566 pater
1155 1484 1286 1551 eisdem

175 1584 375 1668 Templariis
418 1583 508 1647 diem
549 1583 647 1666 Jovis
689 1585 843 1669 proxime
880 1592 1080 1670 sequentem
1119 1607 1183 1671 pro
1219 1596 1287 1654 ter-

175 1690 269 1755 mino
307 1689 458 1774 praeciso
505 1694 540 1752 et
581 1690 810 1773 peremptorio
852 1689 897 1753 ad
944 1692 1208 1774 proponendum
1252 1701 1287 1759 et

177 1794 427 1859 ostendendum
471 1793 635 1878 quicquid
675 1794 858 1858 habuerint
899 1814 960 1877 pro
1006 1815 1041 1858 se
1082 1795 1117 1860 in
1164 1798 1287 1863 eodem

177 1901 314 1986 negotio
333 1898 594 1984 proponendum
613 1899 699 1963 eitra
718 1898 850 1963 dictum
867 1898 957 1963 diem
974 1899 1083 1982 Jovis,
1104 1907 1140 1964 et
1164 1901 1286 1967 eodem

177 2006 232 2072 die
272 2006 370 2089 Jovis
410 2004 557 2089 plenarie
593 2004 805 2068 continuato.
884 2003 1100 2089 Assiguando
1146 2005 1287 2091 insuper

178 2111 305 2175 eisdem
338 2109 538 2194 Templariis
581 2109 671 2173 diem
715 2109 855 2172 Veneris
891 2108 1045 2192 proxime
1083 2117 1286 2195 sequentem

178 2216 212 2280 in
259 2215 411 2299 capitulo
463 2215 661 2298 supradicto
714 2213 758 2277 ad
813 2212 1020 2277 audiendam
1075 2216 1286 2281 sententiam

178 2320 396 2384 diffinitivam
423 2340 482 2382 seu
507 2319 837 2402 pronunciationem,
863 2317 891 2380 si
917 2316 1057 2401 liqueat,
1084 2319 1118 2383 in
1144 2320 1287 2404 negotio

178 2424 364 2499 antedicto,
394 2423 540 2488 eundern
568 2424 657 2487 diem
686 2423 785 2506 Jovis
812 2422 877 2486 toti
906 2422 1048 2486 concilio
1076 2422 1287 2506 judicialiter

179 2529 395 2614 assignando
418 2528 601 2611 propositis
628 2528 879 2592 incontinenter
900 2546 1015 2591 coram
1039 2526 1160 2592 eodem
1186 2536 1286 2613 patre

179 2655 249 2699 una
290 2632 409 2697 cedula
452 2631 486 2695 in
528 2630 657 2696 Gallico
699 2638 866 2715 concepta
907 2652 949 2694 ex
992 2637 1090 2715 parte
1132 2631 1286 2716 ipsorum

180 2738 460 2821 Templariorum
484 2756 615 2800 necnon
636 2738 788 2820 quadarn
810 2736 902 2800 bulla
925 2736 1050 2820 papali,
1074 2735 1229 2802 ordinem
1251 2746 1286 2803 et

179 2842 416 2907 observantias
440 2840 590 2924 ipsorum
616 2849 800 2925 tangente余
826 2847 859 2904 et
885 2841 967 2924 ipsis
990 2840 1110 2905 cedula
1134 2847 1168 2905 et
1193 2841 1287 2907 bulla

180 2947 346 3032 perlectis,
376 2944 478 3009 iidem
505 2945 686 3028 Templarii
714 2953 748 3008 et
775 2945 898 3009 caeteri
927 2944 1002 3008 laici
1030 2950 1064 3008 et
1092 2945 1212 3021 clerici,
1242 2946 1287 3011 ad

180 3051 362 3116 concilium
379 3071 446 3114 non
464 3051 590 3125 vocati,
609 3051 773 3115 continuo
791 3055 1010 3113 recesserunt.
1060 3049 1287 3115 Postmodum

180 3177 272 3230 vero,
307 3155 427 3218 habita
460 3154 702 3219 deliberatione
736 3163 770 3218 et
806 3162 958 3218 tractatu
991 3174 1069 3217 cum
1103 3154 1287 3237 praedictis

181 3260 358 3346 episcopis,
387 3267 419 3323 et
448 3260 521 3324 aliis
548 3261 709 3345 praelatis
736 3267 769 3323 et
802 3259 929 3323 clericis
963 3265 1043 3323 tunc
1075 3258 1202 3323 ibidem
1229 3279 1287 3323 ex-

181 3365 374 3440 istentibus
414 3386 515 3448 super
553 3366 690 3450 negotio
723 3370 914 3429 memorato
930 3382 937 3438 余
980 3363 1070 3426 idem
1109 3369 1207 3446 pater
1245 3363 1288 3428 de

181 3470 353 3534 communi
386 3469 526 3533 consilio
559 3470 711 3534 omnium
746 3468 930 3552 deputavit
963 3474 1074 3532 certas
1112 3488 1286 3551 personas,

181 3594 296 3639 sacrae
320 3574 508 3659 theologiae
531 3574 688 3639 doctores
710 3595 749 3637 ac
776 3573 860 3656 juris
888 3573 1041 3636 canonici
1070 3573 1286 3656 professores,

181 3680 225 3744 ad
238 3678 496 3743 deliberandum
509 3698 610 3762 super
622 3677 829 3763 quibusdam
843 3676 965 3749 dubiis,
980 3699 1068 3760 quae
1083 3678 1116 3741 iu
1130 3678 1288 3761 praelato

181 3783 410 3870 inquisitionis
428 3783 565 3867 negotio
583 3782 807 3854 resultabant,
826 3788 861 3843 et
879 3780 972 3843 dicto
989 3780 1043 3844 die
1061 3781 1159 3864 Jovis
1176 3781 1287 3846 eidem

180 3889 271 3974 patri
287 3908 385 3952 suam
402 3887 682 3952 deliberationem
698 3885 831 3970 plenius
848 3885 1074 3960 referendum,
1090 3895 1129 3951 ut
1146 3887 1288 3951 ulterius

180 3994 252 4058 fieri
277 3993 385 4077 possit
411 3993 445 4055 in
471 3991 601 4066 eodem,
628 3991 721 4076 quod
748 3990 813 4054 toti
840 3990 982 4054 coneilio
1008 3991 1183 4055 videbitur
1207 4011 1286 4055 con-

180 4098 304 4163 sultius
323 4095 528 4161 laciendum.

181 4255 263 4317 Acta
407 4249 483 4334 Quo
514 4248 568 4312 die
599 4248 697 4331 Jovis
728 4249 762 4312 in
793 4248 945 4332 capitulo
977 4251 1161 4333 praedicte,
1194 4250 1288 4314 dieto

180 4360 267 4423 tertii
293 4398 300 4407 -
318 4355 457 4420 domino
468 4353 721 4437 archiepiscopo
731 4360 764 4415 et
779 4352 1157 4436 episeopisabbatibus,
1170 4353 1288 4436 priori-

179 4464 256 4528 diei.
283 4418 294 4530 i
319 4467 392 4540 buS,
410 4463 618 4537 doctoribus,
636 4470 668 4526 et
687 4462 933 4546 professoribus
949 4457 1141 4542 praedietis,
1160 4465 1192 4521 et
1212 4463 1287 4520 toto
