2918 5010
170 335 235 402 304
556 316 730 383 chonos
753 333 799 382 or
821 332 892 382 rue

170 509 407 595 prosequenda
423 509 587 574 t-—Certis
618 516 734 574 tamen
766 508 968 593 urgentibus
997 511 1119 576 causis
1150 520 1187 578 et
1220 535 1300 579 con·

171 614 437 678 siderationibus
460 634 522 678 nos
544 613 738 697 specialiter
759 614 981 679 moventibus
1003 614 1048 680 de
1071 617 1300 684 avisamento

171 725 205 782 et
218 739 357 784 assensu
371 717 511 782 Concilii
523 717 631 782 nostri
644 718 754 801 ipsam
767 726 982 804 praesentem
993 718 1300 788 Convocationem

172 829 324 887 vestram
361 823 424 887 hoc
460 823 605 887 instanti
640 821 695 887 die
730 822 892 889 duximus
926 823 1203 893 dissolvendam.
1254 829 1300 893 Et

172 928 249 992 ideo
281 928 380 991 vobis
412 927 619 993 mandamus
651 928 746 1012 quod
778 928 922 993 eandem
954 929 1177 1013 praedictam
1212 932 1301 998 Con·

172 1033 389 1097 vocationem
417 1037 572 1096 nostram
600 1031 693 1116 apud
721 1032 910 1097 Ecclesiam
937 1032 1237 1118 Metropoliticam
1266 1037 1298 1101 S.

173 1137 264 1202 Petri
279 1137 505 1201 Eboracensis
517 1137 571 1201 vel
584 1136 665 1201 alibi
679 1144 782 1222 prout
795 1137 916 1202 melius
927 1141 1089 1222 expedire
1103 1143 1299 1218 videbitur,

173 1241 292 1306 debito
308 1241 411 1306 modo
427 1242 557 1325 absque
573 1241 688 1325 aliqua
704 1240 869 1306 dilatione
884 1241 1092 1320 dissolvatis,
1105 1247 1300 1314 dissolvive

174 1346 319 1420 faciatis,
354 1352 456 1430 prout
491 1346 665 1421 convenit,
699 1347 930 1432 significantes
962 1347 1005 1413 de
1038 1356 1141 1432 parte
1175 1361 1299 1419 nostra

173 1451 340 1515 universis
370 1457 404 1514 et
434 1450 579 1535 singulis
609 1450 799 1535 Episcopis,
829 1471 961 1516 necnon
993 1452 1144 1518 Decanis
1175 1457 1299 1522 Archi-

173 1554 326 1620 diaconis
355 1562 389 1618 et
420 1555 582 1619 omnibus
612 1554 686 1619 aliis
711 1555 865 1639 personis
888 1556 1125 1623 ecclesiasticis
1150 1561 1299 1645 quibus-

174 1680 308 1744 cunque
338 1659 451 1724 dictae
483 1659 709 1724 Eboracensis
740 1660 939 1725 Provinciae
962 1682 1111 1747 quorum
1148 1665 1296 1732 interest

174 1772 235 1829 aut
260 1764 420 1829 interesse
445 1764 570 1848 poterit
599 1765 633 1828 in
658 1763 722 1828 hac
745 1769 854 1847 parte,
879 1764 972 1849 quod
997 1766 1061 1849 ipsi
1101 1775 1138 1831 et
1172 1789 1296 1837 eorum

174 1869 320 1954 quilibet
358 1870 437 1934 huic
475 1867 641 1933 mandato
679 1874 797 1932 nostro
834 1868 1034 1954 exequendo
1068 1871 1298 1939 intendentes

175 1975 244 2038 sint
278 1982 312 2038 et
347 1973 547 2038 obedientes
581 1978 684 2055 prout
719 1971 827 2037 decet.
875 1973 975 2037 Teste
1009 1994 1063 2039 me
1091 1975 1169 2059 ipso
1197 1980 1296 2062 apud

177 2078 522 2142 Westmonasterium
540 2075 642 2158 xxvj⁰
659 2075 713 2139 die
731 2075 837 2159 Junii,
856 2097 947 2142 anno
964 2079 1055 2163 regni
1074 2083 1185 2145 nostri
1205 2085 1294 2151 xvi0.

1109 2195 1247 2281 Willys.

265 2336 563 2401 Reverendissimo
586 2335 619 2398 in
648 2334 784 2399 christo
807 2336 898 2420 patri
922 2343 956 2400 et
981 2337 1070 2403 fideli
1095 2340 1295 2407 consiliario

176 2450 294 2507 nostro
344 2440 518 2505 Richardo
566 2440 773 2504 Eboracensi
821 2441 1095 2526 Archiepiscopo,
1145 2445 1294 2530 Angliae

177 2549 316 2634 primati
336 2555 370 2611 et
391 2547 658 2632 metropolitano
677 2546 720 2610 de
739 2545 994 2612 Convocatione
1012 2546 1246 2616 dissolvenda.

1109 2663 1244 2749 Willys

307 2806 379 2867 And
405 2807 459 2865 the
486 2805 644 2882 following
669 2824 733 2865 was
760 2807 814 2865 the
838 2804 1065 2884 Archbisbop's
1089 2820 1289 2886 consequent

218 2904 334 2965 action.
352 2903 526 2980 dissolving
542 2902 605 2962 this
621 2902 848 2963 Convocation.

268 3016 306 3079 ln
331 3016 392 3078 Dei
415 3014 573 3089 Nomine,
595 3015 715 3078 Amen.
764 3013 835 3077 Nos
857 3011 1049 3077 Richardus
1070 3012 1291 3096 providentia

178 3122 295 3187 divina
331 3120 554 3184 Eboracensis
588 3118 883 3202 Archiepiscopus,
917 3117 1060 3201 Angliae
1092 3116 1221 3199 primas
1256 3127 1290 3182 et

181 3226 476 3310 Metropolitanus,
507 3225 644 3288 Praeses
672 3224 775 3306 hujus
802 3242 917 3286 sacrae
942 3220 1071 3305 Synodi
1102 3221 1175 3284 sive
1203 3222 1291 3287 Con-

180 3329 371 3395 vocationis
418 3327 636 3412 provincialis
684 3326 917 3391 praelatorum
965 3332 1000 3390 et
1047 3325 1131 3390 Cleri
1181 3326 1291 3391 totius

181 3434 381 3499 Provinciae
422 3431 646 3494 Eboracensis
686 3430 750 3493 rite
789 3438 824 3493 et
864 3429 1013 3514 legitime
1053 3429 1290 3513 procedentes,

179 3541 309 3604 virtute
328 3537 446 3601 Brevis
466 3535 562 3620 Regii
580 3535 679 3599 nobis
697 3536 730 3599 in
749 3536 813 3599 hac
831 3540 929 3618 parte
947 3533 1078 3608 directi,
1097 3554 1175 3597 cum
1194 3535 1288 3599 omni

180 3641 374 3707 obedientia
396 3639 513 3704 debita
533 3638 629 3721 jussu
652 3638 873 3703 Illustrissimi
897 3638 1035 3702 Domini
1056 3637 1163 3702 nostri
1186 3637 1291 3722 Regis

180 3746 289 3811 Caroli
313 3746 428 3830 (penes
448 3764 551 3828 quem
572 3743 682 3807 solum
703 3748 857 3826 potestas
877 3748 928 3805 est
956 3749 990 3805 et
1018 3740 1232 3805 convocandi
1254 3750 1289 3805 et

179 3850 333 3917 solvendi
359 3848 525 3932 Synodos,
550 3847 622 3910 sive
646 3846 870 3930 provinciales
894 3846 966 3909 sive
986 3845 1179 3910 nationales
1199 3846 1288 3911 inlra

181 3975 282 4038 regna
317 3955 390 4033 sua)
428 3957 642 4035 praesentem
677 3950 854 4034 Synodum
889 3950 960 4014 sive
996 3949 1289 4015 Convocationem

182 4061 431 4124 Eboracensem
455 4055 673 4120 dissolvimus
697 4075 736 4119 ac
760 4075 822 4138 pro
844 4055 892 4118 sic
916 4054 1096 4136 dissolutal
1135 4055 1145 4135 ]
1173 4054 1291 4138 vigore

183 4163 301 4227 Brevis
322 4160 418 4245 Regii
438 4159 603 4245 praedicti
624 4158 790 4222 habemus
809 4165 843 4221 et
864 4159 981 4222 baberi
1002 4159 1162 4222 volumus
1182 4157 1215 4221 in
1239 4159 1291 4221 his

180 4268 326 4352 scriptis,
347 4267 409 4329 lroc
429 4265 502 4349 ipso
520 4265 574 4328 die
593 4263 732 4328 Veneris
750 4263 824 4326 viz¹.
846 4261 888 4328 26
906 4262 1013 4344 Junii,
1034 4279 1104 4326 Ab.
1127 4260 1221 4344 1640.

1070 4377 1112 4442 R.
1138 4378 1242 4443 Ebor.
