2918 5010
400 395 605 460 Nonrnrnu
630 394 900 459 Convocarrou.
1164 409 1205 473 03

100 590 210 655 vimus
234 588 361 653 ibidem
387 593 469 652 tunc
494 608 554 671 per
577 587 641 650 Dei
665 587 812 670 gratiam
836 584 1098 650 celebrandum:
1140 585 1209 649 Vos

101 704 216 759 tenore
252 693 483 777 praesentium
524 691 751 776 peremptorie
790 691 938 754 citamus
976 697 1010 753 et
1050 710 1110 773 per
1147 711 1209 754 vos

99 819 214 864 omnes
238 805 272 862 et
296 797 448 882 singulos
471 797 628 860 Abbates
652 802 686 858 et
713 795 845 871 Priores
869 795 1031 859 electivos
1054 795 1209 858 Abbates

98 904 251 988 proprios
264 923 331 967 non
346 903 523 975 habentes,
538 907 611 964 tam
625 906 805 983 exemptos
816 920 922 984 quam
935 920 1004 963 non
1018 908 1207 982 exemptos,

98 1008 219 1072 saltem
250 1027 397 1092 quorum
428 1005 637 1069 monasteria
667 1004 895 1068 ecclesiastica
926 1003 1089 1068 beneficia
1120 1004 1206 1068 infra

99 1120 252 1177 nostram
291 1111 505 1195 provinciam
545 1109 728 1173 habuerint
764 1129 832 1173 non
868 1114 1039 1192 exempta.
1076 1129 1208 1173 necnon

99 1217 254 1281 Decanos
294 1222 328 1279 et
368 1214 581 1299 praepositos
620 1214 838 1278 ecclesiamm
877 1212 1134 1297 collegiatarum
1173 1222 1208 1279 et

98 1321 365 1386 Archidiaconos
393 1327 528 1382 vestrae
556 1319 719 1382 dioecesis
749 1337 995 1402 quoscumque,
1026 1324 1208 1402 totumque

98 1425 223 1490 clerum
249 1424 403 1507 ejusdem
427 1422 590 1487 dioecesis
614 1423 712 1487 citari
737 1422 906 1497 volumus,
933 1430 965 1486 et
992 1423 1207 1498 mandamus,

98 1537 269 1615 quatenus
301 1549 374 1601 vos,
407 1527 544 1591 domine
577 1527 756 1611 Episcope
789 1527 1023 1613 praedictique
1055 1528 1209 1592 Abbates

100 1634 230 1698 Priores
261 1632 389 1696 Decani
421 1631 610 1714 Praepositi
640 1637 674 1694 et
703 1631 942 1695 Archidiaconi
973 1632 1207 1715 personaliter,

99 1737 229 1823 singula
269 1756 347 1799 vere
385 1734 539 1818 capitula
577 1734 716 1819 collegia
755 1741 789 1797 et
827 1742 1019 1798 conventus
1056 1735 1208 1800 locorum

100 1840 296 1925 hujusmodi
333 1859 394 1923 per
428 1844 666 1922 procuratores
702 1838 863 1922 singulos,
902 1845 1064 1923 totusque
1099 1839 1208 1903 clerus

100 1952 232 2009 vestrae
264 1943 427 2007 dioecesis
460 1963 520 2026 per
550 1943 636 2006 duos
668 1949 905 2026 procuratores
936 1942 1142 2007 sufficientes
1173 1951 1207 2007 et

101 2047 237 2114 idoneos
257 2047 352 2111 dicto
371 2047 426 2110 die
447 2046 613 2121 Mercurii,
631 2046 695 2110 viz,
716 2046 807 2129 xijmo
822 2046 876 2109 die
892 2047 1017 2111 mensis
1033 2047 1208 2112 Februarii

100 2152 298 2238 supradicti,
330 2172 408 2215 cum
441 2151 701 2215 continuatione
732 2157 766 2214 et
801 2151 1041 2236 prorogatione
1075 2151 1207 2217 diemm

100 2255 392 2341 subsequentium,
425 2261 597 2339 quatenus
629 2275 715 2337 opus
752 2254 864 2327 luerit,
896 2276 1011 2320 coram
1043 2256 1142 2321 nobis
1173 2257 1207 2321 in

101 2361 238 2426 ecclesia
283 2365 401 2424 nostra
447 2359 653 2422 Eboracensi
699 2359 855 2442 praelata
900 2361 1129 2444 compareatis
1172 2368 1207 2426 et

102 2471 320 2549 compareant
345 2465 379 2528 in
404 2464 498 2527 dicto
527 2463 676 2527 Concilio
700 2464 879 2528 nobiscum
903 2471 937 2527 et
962 2486 1040 2530 cum
1065 2467 1208 2530 caeteris

103 2569 261 2654 praelatis
290 2576 323 2632 et
353 2568 633 2651 procuratoribus
660 2568 738 2631 cleri
769 2575 963 2632 nostrarum
992 2571 1145 2635 civitatis
1174 2578 1208 2635 et

102 2674 261 2739 dioecesis
284 2679 318 2735 et
341 2672 537 2756 provinciae
557 2692 659 2754 super
679 2672 838 2756 hisquae
858 2675 1153 2740 conservationem
1174 2683 1208 2740 et

103 2777 330 2844 defensionem
357 2776 516 2840 ecclesiae
542 2784 576 2839 et
606 2777 697 2859 regni
730 2777 984 2859 praedictorum
1011 2801 1050 2844 ac
1076 2786 1208 2845 statum

102 2890 133 2947 et
170 2883 367 2946 libertatem
406 2880 565 2944 ecclesiae
608 2888 642 2943 et
684 2881 763 2945 cleri
802 2882 973 2947 dictarum
1012 2893 1208 2950 nostrarum

103 2986 261 3052 dioecesis
277 2993 312 3050 et
329 2985 535 3069 provinciae,
555 2992 592 3048 ut
610 2987 855 3069 praemittitur,
870 2997 1091 3061 concemunt‚
1110 2991 1208 3054 vobis

103 3090 133 3156 in
169 3097 297 3156 eventu
336 3090 470 3173 plenius
508 3091 749 3172 exponendum
789 3097 997 3155 tractaturos
1035 3101 1069 3156 et
1107 3114 1209 3177 super

103 3194 292 3279 praemissis
338 3192 517 3258 consilium
566 3201 718 3258 vestrum
766 3195 948 3279 providum
995 3196 1208 3280 impensuros

104 3299 252 3364 lacturos
286 3307 321 3362 et
356 3306 552 3382 recepturos
586 3300 679 3382 quod
714 3300 825 3382 ipsum
860 3320 994 3363 sacrum
1029 3297 1207 3366 consilium

103 3401 216 3467 divina
270 3410 476 3485 cooperante
529 3403 710 3466 clementia
764 3403 900 3467 duxerit
954 3404 1205 3470 ordinandum:

102 3507 264 3591 vobisque
307 3506 446 3569 domino
490 3507 650 3590 episcopo
694 3508 918 3592 praelatoque
961 3508 1050 3573 clero
1092 3517 1208 3574 vestro

102 3610 289 3695 expressius
325 3610 507 3674 intimante
542 3611 636 3694 quod
675 3618 795 3676 contra
832 3613 992 3676 absentes
1027 3614 1060 3678 in
1098 3615 1207 3680 lorma

101 3716 261 3781 canonica
283 3715 689 3798 procedemus—nullius
708 3716 755 3779 sic
776 3717 928 3781 absentis
950 3720 1207 3786 excusationem

101 3820 316 3891 admissuros,
346 3819 409 3883 nisi
439 3825 612 3902 quatenus
640 3820 684 3884 ad
713 3821 777 3884 hoc
805 3823 996 3886 artaverint
1024 3825 1208 3889 canonicae

100 3924 281 3989 santiones.
335 3923 556 3987 Denuncietis
589 3924 726 4008 insuper
756 3946 815 3988 seu
847 3926 1045 3992 denunciari
1075 3929 1208 3994 laciatis

101 4027 132 4093 in
155 4047 278 4114 genere
303 4028 446 4091 caeteris
475 4028 635 4091 omnibus
661 4036 693 4091 et
720 4029 861 4114 singulis
886 4038 1021 4095 vestrae
1046 4033 1208 4098 dioecesis

100 4133 216 4217 quise
241 4138 404 4216 gravatos
429 4133 607 4205 senserint,
631 4134 724 4216 quod
751 4134 784 4197 in
811 4135 946 4199 casibus
971 4136 1036 4200 illis
1060 4159 1207 4221 quorum

99 4236 261 4301 correctio
277 4255 335 4299 seu
352 4235 552 4300 reformatio
567 4238 611 4301 ad
627 4238 808 4302 concilium
825 4239 1022 4322 hujusmodi
1039 4242 1207 4325 pertinere

98 4340 296 4415 dinoscitur,
319 4341 495 4405 audientia
519 4341 638 4406 efficax
660 4363 721 4426 per
742 4343 897 4408 divinam
920 4345 1138 4411 clementiam
1160 4348 1207 4411 eis

97 4445 256 4514 informa
270 4443 389 4510 debita
400 4446 636 4520 concordetur,
649 4455 684 4510 et
699 4447 757 4510 liet
771 4447 818 4511 eis
833 4448 866 4513 in
881 4450 1040 4514 omnibus
1052 4450 1207 4534 justitiae
