2918 5010
606 368 778 434 Reconus
802 386 848 435 or
870 384 941 434 rar

667 561 883 626 LXXXVII.

304 716 393 790 [Acta
413 715 646 776 detruncationis
664 716 764 787 Edon,
784 733 860 793 14o;
885 714 1030 779 Wilkins,
1049 715 1157 787 Cone„
1177 714 1238 783 lv,
1255 716 1343 791 3231.

313 862 460 926 Praelati
486 870 519 926 et
545 864 663 938 clerus,
690 862 810 927 habito
835 864 924 927 inter
946 882 1004 925 eos
1028 866 1187 926 tractatu
1212 861 1251 926 in
1278 861 1345 926 hac

225 973 323 1050 parte
341 967 515 1050 requisito,
534 974 636 1051 prout
654 965 757 1051 hujus
774 966 900 1050 negotii
918 965 1071 1050 gravitas
1088 965 1255 1050 exigebat
1277 1017 1284 1030 .
1306 1017 1313 1030 .
1335 1017 1342 1030 .

225 1069 373 1135 officium
398 1092 497 1135 suum
522 1093 598 1156 erga
621 1071 869 1136 serenissimam
893 1069 1079 1154 principem
1096 1074 1131 1132 et
1156 1068 1344 1134 dominam

225 1181 379 1239 nostram
410 1176 659 1252 Elizabetham,
690 1176 762 1250 dec,
794 1175 1032 1259 ponderantes,
1070 1193 1109 1237 ac
1145 1174 1269 1257 ampla
1306 1184 1343 1238 et

226 1278 413 1342 multifaria
428 1280 591 1344 beneficia
605 1281 638 1345 in
653 1301 771 1344 omnes
787 1280 890 1363 hujus
907 1279 999 1363 regni
1016 1277 1160 1362 Angliae
1176 1277 1345 1343 subditos

225 1381 427 1464 generaliter
455 1390 488 1446 et
521 1383 611 1466 ipsos
640 1383 832 1467 specialiter
860 1382 968 1447 indies
996 1389 1030 1447 et
1059 1381 1240 1446 cumulate
1270 1403 1344 1447 non

226 1485 329 1550 modo
349 1506 408 1569 per
426 1487 710 1569 gratiosissimum
731 1495 764 1551 et
785 1487 975 1571 piissimum
1000 1506 1099 1550 suum
1125 1486 1281 1570 regimen
1305 1495 1343 1551 et

227 1591 417 1674 imperium,
440 1613 510 1675 quo
532 1592 671 1675 pacifice
691 1594 937 1677 gubernantur,
961 1591 1146 1675 divinoque
1168 1591 1345 1675 obsequio

227 1695 441 1760 inserviendo
464 1703 497 1760 et
522 1717 661 1762 munere
684 1718 746 1761 suo
769 1697 929 1762 obeundo
950 1704 984 1760 et
1007 1694 1209 1780 exequendo
1226 1696 1344 1781 magis

228 1800 357 1864 habiles
375 1800 486 1865 idonei
506 1802 718 1877 redduntur;
744 1822 862 1866 venim
882 1803 997 1873 etiam,
1017 1799 1120 1884 idque
1138 1800 1341 1884 praecipue,

228 1926 288 1989 per
318 1908 524 1970 sacrosancti
557 1908 652 1970 verbi
683 1907 879 1982 editionem,
912 1907 1130 1988 sinceraeque
1161 1911 1196 1967 et
1233 1924 1341 1970 verae

229 2009 398 2093 religionis
433 2011 466 2075 in
503 2013 566 2075 hoc
602 2031 705 2093 regno
741 2010 983 2093 professionem
1018 2015 1052 2072 et
1084 2008 1340 2074 stabilitionem

229 2114 513 2199 omnimodaeque
548 2116 730 2180 forinsecae
765 2114 947 2198 potestatis
980 2113 1106 2178 eisdem
1139 2115 1341 2179 contrariae

229 2219 450 2283 abolitionem
491 2219 650 2283 collatam
690 2219 965 2292 considerantes;
1006 2222 1189 2301 pensantes
1227 2218 1341 2284 etiam

230 2342 351 2407 graves
374 2324 553 2406 impensas,
577 2344 664 2408 quas
687 2324 777 2406 regia
800 2323 963 2406 majestas
987 2328 1059 2386 tam
1084 2322 1116 2386 in
1140 2322 1342 2405 provisione

231 2431 416 2491 necessaria
453 2449 552 2492 omne
587 2449 693 2512 genus
728 2448 899 2491 armorum
935 2434 969 2490 et
1005 2427 1236 2491 munitionum
1275 2448 1342 2511 pro

230 2530 389 2595 dominiis
415 2539 486 2595 tam
514 2553 573 2615 per
598 2553 701 2607 mare,
728 2553 833 2616 quam
860 2552 919 2615 per
944 2538 1070 2595 terram
1097 2529 1340 2607 fortificandis,

231 2634 478 2719 hostilibusque
501 2636 734 2700 invasionibus
757 2635 962 2709 resistendis,
985 2656 1090 2719 quam
1113 2635 1146 2699 in
1169 2654 1340 2718 praeven-

232 2739 323 2802 tione
345 2740 530 2802 necessnria
552 2741 829 2821 gravissimorum
854 2740 1052 2809 facinorum,
1076 2760 1142 2803 non
1165 2739 1271 2803 modo
1293 2742 1340 2805 ad

232 2864 349 2927 pacem
367 2845 639 2918 disturbandam,
657 2846 714 2908 sed
732 2846 776 2909 ad
793 2846 901 2929 ipsam
918 2851 1071 2908 nostram
1088 2844 1340 2927 rempublicam

233 2948 459 3012 felicissimam
475 2949 696 3013 evertendam
714 2959 747 3014 et
768 2950 1022 3021 destruendam,
1044 2949 1175 3012 notorie
1193 2949 1340 3014 tenden-

232 3053 329 3127 tium,
375 3055 507 3118 ruinam
551 3062 584 3118 et
628 3056 862 3119 calamitatem
905 3055 1116 3118 diversarum
1160 3054 1339 3137 regionum

232 3159 476 3222 associatarum
502 3181 520 3221 a
546 3160 643 3222 nobis
668 3161 782 3243 procul
808 3180 875 3223 non
900 3158 1087 3242 jacentium
1111 3157 1339 3233 inferendam,

231 3262 565 3347 extirpationemque
594 3284 694 3327 verae
724 3273 756 3328 et
787 3283 947 3346 syncerae
977 3262 1196 3326 confessionis
1225 3261 1339 3326 Chris-

233 3367 346 3430 tianae
386 3367 485 3450 plane
524 3369 740 3439 minantium,
781 3389 889 3451 nuper
927 3367 1113 3441 sustinuit;
1154 3374 1341 3450 pensantes

231 3470 378 3555 denique
390 3472 556 3536 malitiam
569 3494 696 3547 eorum,
709 3474 767 3557 qui
780 3472 918 3535 veritati
931 3472 1067 3538 divinae
1078 3496 1113 3538 se
1125 3483 1341 3558 opponentes

232 3575 265 3638 in
288 3596 418 3638 sacram
442 3576 554 3640 dictae
576 3578 808 3641 serenissimae
830 3578 991 3661 principis
1015 3601 1193 3662 personam
1219 3580 1339 3663 (quam

233 3680 324 3743 Deus
341 3680 501 3744 continue
519 3681 689 3744 maximus
706 3683 804 3745 nobis
820 3682 863 3745 ad
880 3683 930 3745 sui
948 3683 1101 3763 gloriam,
1120 3691 1153 3747 et
1171 3684 1340 3765 evangelii

231 3783 282 3845 sui
319 3784 600 3866 propagationem
638 3785 696 3848 diu
733 3794 909 3850 conservet
947 3788 1150 3852 incolumem
1169 3792 1187 3860 ll
1227 3809 1266 3852 ac
1305 3790 1339 3854 in

232 3887 362 3951 felicem
393 3887 495 3969 hujus
524 3890 615 3970 regni
645 3896 776 3954 statum
806 3891 932 3955 nefarie
961 3891 1208 3973 conjurarunt:
1248 3913 1340 3976 quae

232 3991 340 4054 indies
356 3992 474 4055 crescit
492 4000 525 4055 et
543 3993 699 4074 pullulat,
719 4003 818 4077 prout
837 4015 896 4078 per
912 4016 979 4059 non
997 4016 1106 4077 pauca
1123 3997 1341 4080 papistarum

232 4104 479 4179 strategemata
508 4097 673 4160 diabolice
700 4098 898 4172 adinventa,
927 4120 1044 4182 nuper,
1073 4101 1134 4162 Dei
1163 4100 1339 4175 beneficio,

233 4203 375 4276 nudata,
397 4202 470 4266 luce
490 4202 613 4266 clarius
633 4210 740 4285 patet.
791 4202 889 4267 Unde
911 4204 1193 4287 periculosissimi,
1215 4214 1248 4267 et
1270 4226 1339 4271 non

232 4308 303 4371 sine
346 4307 445 4371 multi
488 4307 662 4391 sanguinis
705 4309 879 4381 eifnsione,
924 4315 1069 4371 eventus
1111 4309 1341 4375 verisimiliter

232 4413 410 4483 orirentur,
452 4413 477 4474 si
519 4433 583 4475 non
626 4412 742 4475 divino
783 4412 945 4475 beneficio
984 4432 1186 4494 summaque
1226 4413 1340 4477 (lictae
