2918 5010
170 390 233 455 104
559 372 732 437 Rscoxns
756 388 801 435 or
824 387 895 436 rua

172 564 367 649 praedicare
387 565 440 628 vel
462 585 642 650 exponere,
663 584 769 649 quam
789 563 883 648 quod
904 548 939 627 in
958 563 1067 628 literis
1086 565 1286 630 continetur

171 670 388 755 supradictis,
428 669 535 733 literis
574 668 771 753 apostolicis
810 687 870 751 per
909 666 1152 734 dioecesanum
1193 669 1286 753 prius

171 772 351 857 diligenter
373 774 601 847 examinatis;
638 772 781 857 quidam
805 778 921 835 tamen
943 778 1146 855 quaestores
1168 774 1286 858 hujus-

172 877 276 953 modi,
298 898 366 942 non
386 879 459 942 sine
479 899 604 963 magna
624 877 830 941 temeritatis
850 875 1006 949 audacia,
1027 884 1063 942 et
1083 878 1286 963 deceptione

174 982 354 1066 multiplici
396 983 600 1055 animarum,
643 980 873 1065 indulgentias
914 980 1042 1064 populo
1083 988 1185 1047 motu
1225 1001 1286 1047 suo

172 1094 423 1161 concesserunt,
471 1106 572 1170 super
620 1087 711 1149 votis
759 1085 1013 1169 dispensarunt,
1055 1107 1075 1151 a
1125 1087 1284 1172 perjuriis

173 1191 364 1255 homicidiis
394 1198 427 1254 et
469 1192 618 1275 peccatis
657 1191 731 1254 aliis
775 1190 1008 1263 absolverunt,
1044 1190 1134 1254 male
1169 1192 1287 1256 ablata

174 1295 304 1359 incerta
322 1295 406 1358 data
424 1295 488 1358 sihi
508 1295 672 1378 pecuniae
690 1295 890 1379 quantitate
910 1295 1125 1369 remiserunt,
1147 1296 1286 1360 tertiam

173 1404 234 1462 aut
251 1405 412 1481 quartam
430 1406 563 1481 partem
581 1399 622 1461 de
643 1399 864 1482 poenitentiis
881 1398 1045 1481 injunctis
1062 1399 1262 1465 relaxarunt
1279 1419 1285 1474 ;

174 1503 306 1567 animas
330 1511 399 1567 tres
422 1503 476 1566 vel
501 1503 613 1586 plures
637 1509 821 1586 parentum
845 1502 900 1565 vel
925 1503 1114 1567 amicorum
1138 1504 1285 1579 illorum,

173 1607 231 1692 qui
275 1607 508 1690 eleemosynas
550 1607 598 1669 eis
640 1607 860 1680 contulerint,
905 1607 947 1670 de
991 1609 1203 1692 purgatorie,
1248 1616 1286 1674 ut

174 1718 402 1785 asseruerunt,
448 1711 660 1776 mendaciter
704 1712 945 1785 extrahebant,
991 1717 1025 1774 et
1072 1712 1115 1775 ad
1161 1712 1287 1796 gaudia

174 1815 323 1899 paradisi
348 1816 605 1898 perducebant;
644 1816 922 1880 benefactoribus
948 1815 1113 1890 locorum,
1139 1836 1286 1900 quorum

173 1926 372 2005 quaestores
389 1922 590 1994 extiterunt,
609 1920 841 1984 remissionem
858 1920 1047 2003 plenariam
1064 1927 1286 2004 peccatorum

174 2025 412 2099 indulserunt;
450 2034 495 2095 et.
526 2034 563 2089 ut
593 2046 711 2091 eorum
740 2034 881 2089 utamur
908 2025 1032 2098 verbis,
1063 2046 1083 2088 a
1112 2044 1224 2108 poena
1252 2031 1285 2088 et

174 2126 276 2213 culpa
298 2130 519 2194 absolverunt
534 2130 773 2215 ;—quolcirca]
799 2129 954 2194 Clemens
977 2150 1068 2212 papa
1091 2130 1288 2213 praedictus

175 2234 209 2298 in
250 2233 392 2298 concilio
433 2234 615 2297 Viennensi
658 2232 856 2316 hujusmodi
898 2234 1025 2297 abusus
1067 2232 1109 2297 de
1151 2240 1287 2298 caetero

175 2337 376 2421 attemptari
398 2338 537 2401 omnino
557 2338 718 2411 inhibuit,
741 2358 780 2401 ac
801 2338 916 2401 omnia
937 2337 1125 2421 privilegia,
1148 2338 1176 2402 si
1197 2358 1285 2422 quae

174 2461 276 2527 super
290 2442 494 2526 praemissis,
511 2441 565 2505 vel
581 2462 698 2506 eorum
715 2442 830 2526 aliquo
847 2442 985 2515 fuerint,
1003 2441 1176 2526 aliquibus
1192 2442 1284 2516 locis,

175 2546 361 2620 ordinibus,
384 2547 437 2609 vel
459 2548 611 2630 personis
631 2556 854 2631 quaestorum
876 2546 1075 2629 hujusmodi
1095 2548 1286 2631 quomodo·

175 2672 309 2738 eurique
323 2672 492 2725 concessa,
508 2652 716 2715 auctoritate
730 2651 917 2734 apostolica
933 2651 1071 2734 penitus
1084 2652 1260 2716 revocavit
1277 2671 1284 2726 ;

176 2758 293 2823 volens
309 2764 507 2841 quamtores
523 2757 549 2818 si
567 2756 626 2839 qui
644 2756 677 2818 in
696 2756 900 2839 praemissis,
919 2757 973 2819 vel
991 2756 1107 2840 aliquo
1124 2758 1285 2839 praemis·

176 2884 289 2929 surum
306 2862 533 2946 deliquerunt,
549 2880 608 2924 seu
624 2860 708 2923 alias
723 2861 827 2923 etiam
844 2881 922 2924 cum
939 2861 1008 2925 suis
1023 2861 1286 2946 quibuscunque

178 2968 359 3055 privilegiis
390 2965 485 3029 abusi
520 2965 656 3037 fuerint,
689 2984 749 3046 per
779 2965 930 3028 locorum
962 2965 1140 3048 episcopos
1170 2965 1285 3029 debite

179 3074 300 3161 puniri.
335 3071 426 3137 trullo
460 3069 506 3132 eis
541 3069 573 3132 in
609 3070 673 3131 hac
706 3076 804 3151 parte
838 3069 1016 3151 privilegio
1049 3070 1282 3154 suffragante:

178 3190 374 3267 quaestores
399 3183 512 3239 tuanen
538 3173 703 3257 praedicti
731 3173 783 3236 his
807 3173 927 3237 diebus
957 3174 1125 3237 avaritiae
1153 3195 1285 3238 veneno

180 3284 346 3355 metuisti.
368 3290 403 3347 ul
426 3299 546 3344 aurum
568 3287 601 3341 et
623 3285 803 3361 argentum
824 3277 941 3340 subtili
963 3286 996 3340 et
1019 3278 1130 3342 fallaci
1152 3279 1285 3363 ingenio

181 3400 416 3471 extorqunuu.
446 3384 558 3467 aliqua
590 3382 631 3444 de
660 3380 884 3444 abusionibus
913 3382 1107 3464 praedictis,
1138 3391 1172 3447 et
1202 3384 1285 3447 alias

183 3516 327 3575 tiramus
349 3492 401 3557 rel
424 3487 614 3555 verisimiles
639 3493 849 3571 attemptare
874 3498 1109 3571 praesumunt,
1136 3497 1174 3554 ut
1200 3498 1285 3574 puta

184 3605 491 3671 exmuuummxns
518 3614 536 3657 a
563 3590 735 3674 judicibus
762 3593 997 3656 ecclesiasticis
1024 3595 1221 3669 absolvunt,
1250 3603 1283 3659 et

199 3723 425 3779 suurteutuuu
438 3698 651 3787 pollicemur
665 3696 849 3760 solemnem
862 3717 921 3779 per
933 3698 1083 3761 locorum
1096 3699 1285 3763 ordinarios

202 3850 244 3887 w
277 3816 414 3879 ,abhus
438 3803 629 3873 erunibus
657 3801 822 3864 inflictam
851 3802 1045 3873 remittunt,
1074 3823 1132 3866 seu
1161 3805 1283 3868 saltem

218 3950 311 3993 <aaa
359 3922 471 3997 parthus
504 3930 594 3993 quus
627 3907 670 3971 ad
707 3905 875 3974 ecclesias,
912 3927 1014 3969 causa
1051 3907 1285 3989 poenitentiae

207 4046 425 4111 „„‚„q.,„2.a.u
462 4036 572 4077 terme
585 4009 776 4093 corifigerit,
791 4008 936 4082 differre,
951 4017 983 4072 et
1000 4022 1145 4074 mortem
1160 4012 1201 4091 (ἓ)
1221 4013 1285 4076 sibi

238 4154 382 4205 mum*
441 4162 446 4185 .
489 4116 686 4185 saltatoriis
713 4113 853 4197 sepelire
883 4123 1118 4196 praesumunt.
1149 4115 1284 4200 aliaque

405 4248 520 4295 ..t-„ana
556 4222 767 4287 ,amauittere
798 4238 866 4281 uon
899 4226 1070 4293 verentur,
1103 4240 1164 4302 per
1194 4241 1284 4304 quae

353 4388 363 4401 .
421 4352 530 4401 wa<
543 4368 551 4389 2
569 4332 750 4393 masenot
764 4322 913 4387 clavium
924 4323 1083 4385 ecclesiae
1094 4325 1283 4388 airctoritas

399 4494 414 4499 ,,
483 4456 685 4517 ..Q-euru.
738 4430 806 4497 Nus
829 4448 908 4513 ergo
933 4428 1129 4511 hujusmodi
1155 4431 1283 4496 abusus

251 4388 340 4415 „m

258 4494 356 4523 ...w-¹·
