2918 5010
301 375 364 442 292
690 358 863 423 Recolens
887 374 933 423 or
955 372 1026 423 rua

304 570 406 634 super
422 551 615 634 praemissis
631 557 665 613 et
684 550 758 614 aliis
773 571 863 635 quae
879 550 944 615 sibi
960 549 1085 615 clarius
1100 557 1322 634 exponentur
1338 558 1424 617 tunc

306 655 433 719 ibidem
471 676 512 718 ex
550 662 648 738 parte
686 655 985 739 nostra;-vigore
1022 653 1120 738 cujus
1157 654 1273 720 brevis
1310 655 1423 720 nostri

308 759 427 823 eadem
446 759 657 823 Convocatio
675 779 783 843 usque
801 779 931 823 nonum
950 758 1041 823 diem
1059 758 1144 842 Julii
1163 764 1247 824 tunc
1266 760 1426 844 proxime

309 864 483 947 sequentis
506 870 603 928 tenta
626 871 659 927 et
682 863 897 937 continuata,
921 883 962 927 ac
984 869 1063 948 post
1085 862 1239 928 diversas
1261 883 1426 948 proroga·

310 967 419 1031 tiones
440 968 484 1031 ad
505 968 692 1032 instantem
713 966 913 1031 vicesimum
935 966 1124 1032 secundum
1147 966 1239 1032 diem
1264 966 1425 1052 Januarii

311 1079 493 1157 prorogata
518 1073 628 1136 luerat
656 1072 783 1135 ibidem
813 1079 895 1135 tunc
924 1071 1074 1136 tenenda
1099 1077 1133 1136 et
1161 1072 1403 1157 persequenda
1417 1091 1425 1148 ;

311 1175 465 1260 Cumque
481 1176 587 1240 etiam
605 1175 781 1260 praetatus
798 1176 997 1240 Matthaeus
1012 1175 1299 1260 Archiepiscopus
1315 1196 1429 1261 nuper

312 1286 458 1344 mortem
481 1280 630 1363 objecit;
657 1279 728 1344 Nos
750 1280 854 1365 igitur
875 1279 1062 1364 praemissa
1083 1279 1342 1345 considerantes
1363 1300 1429 1345 vos

314 1383 347 1447 in
384 1383 450 1447 fide
485 1391 519 1447 et
555 1384 737 1448 dilectione
770 1385 896 1468 quibus
932 1384 1030 1448 nobis
1066 1384 1228 1449 tenemini
1264 1392 1430 1471 rogantes

313 1487 529 1562 mandamus,
557 1495 731 1572 quatenus
757 1509 829 1563 vos,
857 1489 1050 1572 praemissis
1075 1489 1220 1553 attentis
1245 1495 1280 1553 et
1307 1490 1430 1554 debito

315 1592 444 1657 intuitu
456 1593 665 1676 ponderatis,
679 1593 713 1656 in
727 1592 872 1677 negotiis
883 1592 1081 1676 hujusmodi
1093 1593 1208 1657 debite
1219 1594 1430 1677 procedatis

315 1702 349 1760 et
378 1697 492 1760 omnia
522 1702 556 1760 et
585 1697 718 1781 singula
747 1717 836 1780 quae
865 1717 907 1760 ex
937 1704 1035 1780 parte
1063 1697 1228 1781 praedicti
1258 1698 1432 1763 Matthaei

315 1822 425 1885 nuper
470 1801 723 1885 Archiepiscopi
773 1802 888 1886 vigore
935 1802 1055 1885 prioris
1101 1802 1213 1867 brevis
1260 1801 1431 1886 praedicti

316 1906 518 1990 exequenda
537 1906 676 1980 fuerint,
697 1912 731 1968 et
751 1925 812 1989 per
832 1905 943 1989 ipsum
963 1913 1023 1970 aut
1044 1926 1104 1990 per
1122 1905 1196 1989 ejus
1215 1906 1249 1970 in
1270 1926 1311 1970 ea
1331 1913 1432 1990 parte

316 2010 521 2074 mandatum
533 2010 567 2074 in
579 2010 653 2073 vita
665 2030 727 2073 sua
740 2010 879 2074 minime
890 2016 1046 2084 executa,
1058 2031 1137 2075 cum
1148 2010 1241 2074 omni
1253 2010 1433 2076 celeritate

317 2114 489 2199 peragatis
507 2135 586 2178 cum
606 2114 741 2188 effectu,
759 2114 943 2197 omniaque
964 2114 1031 2179 alia
1050 2121 1084 2179 et
1104 2114 1237 2199 singula
1256 2135 1349 2199 quae
1369 2115 1430 2195 lin]

318 2219 383 2283 hac
396 2225 494 2302 parte
507 2219 696 2282 necessaria
711 2218 857 2292 fuerant,
872 2238 931 2282 seu
944 2219 1205 2302 quomodolibet
1218 2226 1431 2303 opportuna,

320 2329 380 2387 aut
407 2342 496 2406 quae
523 2329 638 2386 vestro
665 2323 699 2386 in
726 2322 790 2386 hac
817 2329 915 2405 parte
942 2322 1147 2387 incumbunt
1174 2321 1296 2398 offici0,
1325 2343 1434 2408 quam

320 2427 389 2490 cito
412 2426 579 2510 poteritis¹
606 2426 740 2490 faciatis
763 2433 796 2489 et
821 2427 1049 2510 exequamini.
1097 2428 1143 2492 Et
1167 2428 1231 2491 hoc
1254 2427 1346 2492 sicut
1369 2448 1435 2493 nos

321 2535 355 2594 et
374 2536 506 2593 statum
526 2529 618 2611 regni
637 2530 746 2594 nostri
766 2551 806 2593 ac
825 2530 989 2594 honorem
1007 2537 1041 2595 et
1061 2530 1250 2595 utilitatem
1268 2531 1434 2597 ecclesiae

321 2632 517 2716 praedictae
546 2632 686 2717 diligitis
715 2633 911 2697 nullatenus
940 2635 1121 2699 omittatis.
1169 2634 1279 2698 Teste·
1300 2636 1435 2720 meipso

320 2736 412 2820 apud
427 2736 769 2801 Westmonasterium
783 2745 839 2801 22⁰
850 2737 905 2800 die
922 2738 1077 2820 Januarii
1091 2759 1181 2802 anno
1199 2737 1308 2822 Regni
1324 2740 1435 2805 nostri

321 2841 462 2926 Angliae
480 2841 507 2904 F
510 2841 643 2904 ranciae
661 2850 694 2905 et
714 2842 898 2905 Hiberniae
916 2842 1028 2916 terti0,
1047 2849 1081 2905 et
1102 2843 1236 2907 Scotiae
1261 2844 1435 2909 tricesimo

321 2967 421 3010 nonu.
859 2978 863 2983 ·
1198 2946 1343 3031 Coppin.

804 3112 944 3177 XCVII.

404 3271 414 3343 l
418 3267 561 3338 wilkins,
582 3267 635 3338 lV,
654 3268 724 3344 426,
741 3268 804 3328 and
819 3266 949 3329 Trevor.
967 3266 1038 3326 Two
1055 3266 1160 3327 Corio..
1176 3267 1240 3345 99]-

413 3429 476 3492 Die
500 3428 619 3491 Martis
642 3429 685 3492 iv.
711 3430 774 3492 viz.
799 3429 853 3492 die
875 3428 1000 3492 mensis
1023 3427 1198 3490 Februarii
1221 3442 1254 3491 Α.
1279 3444 1314 3492 Ι).
1336 3427 1438 3509 juxta

325 3553 462 3596 cursum
490 3538 524 3594 et
550 3533 845 3614 computationem
875 3532 1034 3596 ecclesiae
1063 3531 1271 3616 Anglicanae
1304 3531 1437 3613 1605b,

327 3638 359 3700 in
393 3635 496 3698 domo
529 3635 708 3718 capitulari
741 3636 900 3699 ecclesiae
933 3636 1139 3700 cathedralis
1173 3642 1205 3698 et
1240 3637 1439 3720 metropoli·

328 3741 415 3804 ticae
452 3738 484 3802 S.
526 3739 616 3802 Petri
660 3739 775 3814 Ebur„
818 3741 899 3803 hora
941 3740 1067 3804 ibidem
1107 3746 1282 3814 consueta,
1321 3761 1438 3805 coram

327 3842 521 3908 reverendis
556 3843 637 3906 viris
672 3843 704 3907 in
741 3843 875 3907 Christo
910 3851 1008 3927 patre
1043 3853 1076 3908 et
1113 3845 1252 3908 domino
1287 3843 1438 3909 Domino

327 3948 486 4031 Johanne
510 3947 725 4029 providentia
749 3947 866 4011 divina
893 3947 1072 4012 Bristoliae
1095 3949 1264 4033 episcopo,
1285 3947 1437 4023 Decano‚

327 4051 496 4116 Willelmo
521 4050 686 4115 Goodwin
713 4050 827 4117 S.T.P.
854 4053 1066 4128 cancellario
1091 4053 1264 4117 canonicis
1291 4054 1439 4119 residen-

328 4156 435 4219 tiariis
467 4154 580 4218 dictae
611 4156 780 4232 ecclesiae,
813 4157 1012 4221 custodibus
1044 4156 1299 4241 spiritualitatis
1331 4157 1440 4223 archi·

328 4261 546 4344 episcopatus
594 4260 829 4337 Eboracensis‚
878 4262 980 4325 modo
1027 4282 1086 4345 per
1134 4268 1280 4325 mortem
1328 4262 1440 4327 bonae

328 4364 510 4431 memoriae
533 4365 671 4429 Domini
695 4365 861 4429 llattlraei
885 4365 1021 4428 Hutton
1044 4388 1153 4452 nuper
1174 4364 1329 4452 ejusdem
1351 4366 1440 4434 sedis
