<?xml version="1.0" encoding="UTF-8"?>
<!DOCTYPE html PUBLIC "-//W3C//DTD XHTML 1.0 Transitional//EN"
    "http://www.w3.org/TR/xhtml1/DTD/xhtml1-transitional.dtd">
<html xmlns="http://www.w3.org/1999/xhtml" xml:lang="en" lang="en">
 <head>
  <title>
</title>
<meta http-equiv="Content-Type" content="text/html;charset=utf-8" />
  <meta name='ocr-system' content='tesseract 3.04.00' />
  <meta name='ocr-capabilities' content='ocr_page ocr_carea ocr_par ocr_line ocrx_word'/>
</head>
<body>
  <div class='ocr_page' id='page_1' title='image "./recordsnorthern00convgoog_0172.png"; bbox 0 0 2918 5010; ppageno 0'>
   <div class='ocr_carea' id='block_1_1' title="bbox 378 363 1187 443">
    <p class='ocr_par' dir='ltr' id='par_1_1' title="bbox 378 363 1187 443">
     <span class='ocr_line' id='line_1_1' title="bbox 378 363 1187 443; baseline -0.001 -14"><span class='ocrx_word' id='word_1_1' title='bbox 378 363 584 429; x_wconf 78' lang='lat' dir='ltr'>Nonruanv</span> <span class='ocrx_word' id='word_1_2' title='bbox 616 363 887 430; x_wconf 75' lang='lat' dir='ltr'>Convocarrou.</span> <span class='ocrx_word' id='word_1_3' title='bbox 1144 376 1187 443; x_wconf 64' lang='lat'>45</span> 
     </span>
    </p>
   </div>
   <div class='ocr_carea' id='block_1_2' title="bbox 71 554 1186 3568">
    <p class='ocr_par' dir='ltr' id='par_1_2' title="bbox 71 554 1186 3568">
     <span class='ocr_line' id='line_1_2' title="bbox 74 554 1186 631; baseline -0.003 -11"><span class='ocrx_word' id='word_1_4' title='bbox 74 557 153 621; x_wconf 92' lang='lat' dir='ltr'>tatis</span> <span class='ocrx_word' id='word_1_5' title='bbox 179 557 283 621; x_wconf 85' lang='lat' dir='ltr'>Ebor.</span> <span class='ocrx_word' id='word_1_6' title='bbox 317 556 434 621; x_wconf 79' lang='lat' dir='ltr'>Sancti</span> <span class='ocrx_word' id='word_1_7' title='bbox 467 558 624 621; x_wconf 85' lang='lat' dir='ltr'>Andreae</span> <span class='ocrx_word' id='word_1_8' title='bbox 658 559 773 631; x_wconf 65' lang='lat' dir='ltr'>Ebur„</span> <span class='ocrx_word' id='word_1_9' title='bbox 795 557 927 622; x_wconf 75' lang='lat' dir='ltr'>&#39;Sancti</span> <span class='ocrx_word' id='word_1_10' title='bbox 960 555 1109 621; x_wconf 90' lang='lat' dir='ltr'>Oswaldi</span> <span class='ocrx_word' id='word_1_11' title='bbox 1144 554 1186 618; x_wconf 87' lang='lat' dir='ltr'>de</span> 
     </span>
     <span class='ocr_line' id='line_1_3' title="bbox 74 659 1186 744; baseline -0.003 -19"><span class='ocrx_word' id='word_1_12' title='bbox 74 661 305 735; x_wconf 82' lang='lat' dir='ltr'>Pontefract0,</span> <span class='ocrx_word' id='word_1_13' title='bbox 331 662 373 726; x_wconf 91' lang='lat' dir='ltr'>de</span> <span class='ocrx_word' id='word_1_14' title='bbox 399 663 505 731; x_wconf 87' lang='lat' dir='ltr'>Drax,</span> <span class='ocrx_word' id='word_1_15' title='bbox 532 663 574 725; x_wconf 94' lang='lat' dir='ltr'>de</span> <span class='ocrx_word' id='word_1_16' title='bbox 600 663 775 733; x_wconf 85' lang='lat' dir='ltr'>Brettone,</span> <span class='ocrx_word' id='word_1_17' title='bbox 799 661 842 725; x_wconf 85' lang='lat' dir='ltr'>de</span> <span class='ocrx_word' id='word_1_18' title='bbox 868 661 1118 744; x_wconf 85' lang='lat' dir='ltr'>Bridelington,</span> <span class='ocrx_word' id='word_1_19' title='bbox 1144 659 1186 723; x_wconf 90' lang='lat' dir='ltr'>de</span> 
     </span>
     <span class='ocr_line' id='line_1_4' title="bbox 73 764 1186 841; baseline -0.003 -11"><span class='ocrx_word' id='word_1_20' title='bbox 73 764 226 841; x_wconf 88' lang='lat' dir='ltr'>Warton,</span> <span class='ocrx_word' id='word_1_21' title='bbox 252 766 294 829; x_wconf 90' lang='lat' dir='ltr'>de</span> <span class='ocrx_word' id='word_1_22' title='bbox 321 766 468 840; x_wconf 88' lang='lat' dir='ltr'>Wartre‚</span> <span class='ocrx_word' id='word_1_23' title='bbox 486 767 528 831; x_wconf 95' lang='lat' dir='ltr'>de</span> <span class='ocrx_word' id='word_1_24' title='bbox 556 766 737 840; x_wconf 84' lang='lat' dir='ltr'>Kirkham,</span> <span class='ocrx_word' id='word_1_25' title='bbox 763 767 805 830; x_wconf 91' lang='lat' dir='ltr'>de</span> <span class='ocrx_word' id='word_1_26' title='bbox 829 766 996 840; x_wconf 88' lang='lat' dir='ltr'>Ellerton,</span> <span class='ocrx_word' id='word_1_27' title='bbox 1018 766 1061 829; x_wconf 93' lang='lat' dir='ltr'>de</span> <span class='ocrx_word' id='word_1_28' title='bbox 1086 764 1186 828; x_wconf 92' lang='lat' dir='ltr'>Novo</span> 
     </span>
     <span class='ocr_line' id='line_1_5' title="bbox 74 869 1183 954; baseline -0.002 -20"><span class='ocrx_word' id='word_1_29' title='bbox 74 869 196 953; x_wconf 80' lang='lat' dir='ltr'>Burg0,</span> <span class='ocrx_word' id='word_1_30' title='bbox 215 870 257 934; x_wconf 93' lang='lat' dir='ltr'>de</span> <span class='ocrx_word' id='word_1_31' title='bbox 279 871 440 945; x_wconf 87' lang='lat' dir='ltr'>Maitone,</span> <span class='ocrx_word' id='word_1_32' title='bbox 467 879 501 934; x_wconf 91' lang='lat' dir='ltr'>et</span> <span class='ocrx_word' id='word_1_33' title='bbox 527 871 569 935; x_wconf 92' lang='lat' dir='ltr'>de</span> <span class='ocrx_word' id='word_1_34' title='bbox 596 872 762 946; x_wconf 89' lang='lat' dir='ltr'>Martone,</span> <span class='ocrx_word' id='word_1_35' title='bbox 788 870 1013 954; x_wconf 79' lang='lat' dir='ltr'>personaliter</span> <span class='ocrx_word' id='word_1_36' title='bbox 1036 870 1183 933; x_wconf 89' lang='lat' dir='ltr'>existen-</span> 
     </span>
     <span class='ocr_line' id='line_1_6' title="bbox 75 973 1184 1060; baseline -0.001 -23"><span class='ocrx_word' id='word_1_37' title='bbox 75 974 175 1046; x_wconf 84' lang='lat' dir='ltr'>tibus,</span> <span class='ocrx_word' id='word_1_38' title='bbox 202 975 522 1060; x_wconf 86' lang='lat' dir='ltr'>venerabilibusque</span> <span class='ocrx_word' id='word_1_39' title='bbox 547 975 705 1058; x_wconf 90' lang='lat' dir='ltr'>patribus</span> <span class='ocrx_word' id='word_1_40' title='bbox 729 975 878 1039; x_wconf 90' lang='lat' dir='ltr'>dominis</span> <span class='ocrx_word' id='word_1_41' title='bbox 903 973 1124 1038; x_wconf 90' lang='lat' dir='ltr'>Dunelmensi</span> <span class='ocrx_word' id='word_1_42' title='bbox 1150 981 1184 1036; x_wconf 90' lang='lat' dir='ltr'>et</span> 
     </span>
     <span class='ocr_line' id='line_1_7' title="bbox 76 1077 1185 1163; baseline -0.002 -21"><span class='ocrx_word' id='word_1_43' title='bbox 76 1078 276 1143; x_wconf 89' lang='lat' dir='ltr'>Karliolensi</span> <span class='ocrx_word' id='word_1_44' title='bbox 304 1079 492 1163; x_wconf 90' lang='lat' dir='ltr'>Episcopis,</span> <span class='ocrx_word' id='word_1_45' title='bbox 516 1079 774 1144; x_wconf 87' lang='lat' dir='ltr'>Archidiaconis</span> <span class='ocrx_word' id='word_1_46' title='bbox 799 1080 962 1154; x_wconf 84' lang='lat' dir='ltr'>Eburum,</span> <span class='ocrx_word' id='word_1_47' title='bbox 989 1077 1185 1162; x_wconf 82' lang='lat' dir='ltr'>Estridinge</span> 
     </span>
     <span class='ocr_line' id='line_1_8' title="bbox 74 1181 1183 1268; baseline 0 -22"><span class='ocrx_word' id='word_1_48' title='bbox 74 1190 104 1247; x_wconf 87' lang='lat' dir='ltr'>et</span> <span class='ocrx_word' id='word_1_49' title='bbox 137 1181 405 1268; x_wconf 78' lang='lat' dir='ltr'>Notinghebam</span> <span class='ocrx_word' id='word_1_50' title='bbox 439 1184 636 1248; x_wconf 82' lang='lat' dir='ltr'>Abbatibus</span> <span class='ocrx_word' id='word_1_51' title='bbox 669 1185 808 1267; x_wconf 88' lang='lat' dir='ltr'>insuper</span> <span class='ocrx_word' id='word_1_52' title='bbox 839 1184 881 1247; x_wconf 94' lang='lat' dir='ltr'>de</span> <span class='ocrx_word' id='word_1_53' title='bbox 915 1183 1038 1266; x_wconf 88' lang='lat' dir='ltr'>Salley,</span> <span class='ocrx_word' id='word_1_54' title='bbox 1073 1182 1183 1246; x_wconf 86' lang='lat' dir='ltr'>Albae</span> 
     </span>
     <span class='ocr_line' id='line_1_9' title="bbox 75 1287 1183 1374; baseline -0.001 -23"><span class='ocrx_word' id='word_1_55' title='bbox 75 1287 199 1362; x_wconf 83' lang='lat' dir='ltr'>Marlie,</span> <span class='ocrx_word' id='word_1_56' title='bbox 217 1287 260 1353; x_wconf 93' lang='lat' dir='ltr'>de</span> <span class='ocrx_word' id='word_1_57' title='bbox 280 1288 453 1371; x_wconf 89' lang='lat' dir='ltr'>Whiteby,</span> <span class='ocrx_word' id='word_1_58' title='bbox 472 1290 514 1352; x_wconf 93' lang='lat' dir='ltr'>de</span> <span class='ocrx_word' id='word_1_59' title='bbox 536 1288 702 1374; x_wconf 85' lang='lat' dir='ltr'>Rugtord,</span> <span class='ocrx_word' id='word_1_60' title='bbox 721 1289 762 1353; x_wconf 89' lang='lat' dir='ltr'>de</span> <span class='ocrx_word' id='word_1_61' title='bbox 779 1288 983 1362; x_wconf 91' lang='lat' dir='ltr'>Wellebeck,</span> <span class='ocrx_word' id='word_1_62' title='bbox 1002 1288 1044 1351; x_wconf 92' lang='lat' dir='ltr'>de</span> <span class='ocrx_word' id='word_1_63' title='bbox 1060 1288 1183 1351; x_wconf 84' lang='lat' dir='ltr'>Coker-</span> 
     </span>
     <span class='ocr_line' id='line_1_10' title="bbox 73 1393 1186 1478; baseline -0.001 -21"><span class='ocrx_word' id='word_1_64' title='bbox 73 1393 167 1468; x_wconf 89' lang='lat' dir='ltr'>sand,</span> <span class='ocrx_word' id='word_1_65' title='bbox 200 1399 234 1456; x_wconf 90' lang='lat' dir='ltr'>et</span> <span class='ocrx_word' id='word_1_66' title='bbox 266 1393 308 1457; x_wconf 92' lang='lat' dir='ltr'>de</span> <span class='ocrx_word' id='word_1_67' title='bbox 340 1393 467 1457; x_wconf 82' lang='lat' dir='ltr'>Sancta</span> <span class='ocrx_word' id='word_1_68' title='bbox 502 1394 651 1478; x_wconf 84' lang='lat' dir='ltr'>Agatha,</span> <span class='ocrx_word' id='word_1_69' title='bbox 692 1446 697 1458; x_wconf 94' lang='lat'>.</span> <span class='ocrx_word' id='word_1_70' title='bbox 741 1446 746 1457; x_wconf 91' lang='lat'><strong>.</strong></span> <span class='ocrx_word' id='word_1_71' title='bbox 789 1446 794 1457; x_wconf 95' lang='lat'>.</span> <span class='ocrx_word' id='word_1_72' title='bbox 836 1393 1009 1457; x_wconf 89' lang='lat' dir='ltr'>Prioribus</span> <span class='ocrx_word' id='word_1_73' title='bbox 1047 1393 1186 1476; x_wconf 92' lang='lat' dir='ltr'>insuper</span> 
     </span>
     <span class='ocr_line' id='line_1_11' title="bbox 73 1496 1184 1582; baseline 0.001 -22"><span class='ocrx_word' id='word_1_74' title='bbox 73 1497 112 1560; x_wconf 89' lang='lat' dir='ltr'>de</span> <span class='ocrx_word' id='word_1_75' title='bbox 153 1496 382 1582; x_wconf 78' lang='lat' dir='ltr'>Thurgaston</span> <span class='ocrx_word' id='word_1_76' title='bbox 422 1498 465 1562; x_wconf 91' lang='lat' dir='ltr'>de</span> <span class='ocrx_word' id='word_1_77' title='bbox 507 1498 673 1572; x_wconf 84' lang='lat' dir='ltr'>Shellord,</span> <span class='ocrx_word' id='word_1_78' title='bbox 715 1498 757 1561; x_wconf 91' lang='lat' dir='ltr'>de</span> <span class='ocrx_word' id='word_1_79' title='bbox 801 1497 966 1572; x_wconf 89' lang='lat' dir='ltr'>Lentona,</span> <span class='ocrx_word' id='word_1_80' title='bbox 999 1498 1041 1561; x_wconf 93' lang='lat' dir='ltr'>de</span> <span class='ocrx_word' id='word_1_81' title='bbox 1083 1496 1184 1562; x_wconf 89' lang='lat' dir='ltr'>Novo</span> 
     </span>
     <span class='ocr_line' id='line_1_12' title="bbox 75 1600 1183 1687; baseline 0.001 -22"><span class='ocrx_word' id='word_1_82' title='bbox 75 1600 196 1686; x_wconf 87' lang='lat' dir='ltr'>Burgo,</span> <span class='ocrx_word' id='word_1_83' title='bbox 229 1602 271 1665; x_wconf 91' lang='lat' dir='ltr'>de</span> <span class='ocrx_word' id='word_1_84' title='bbox 311 1602 535 1685; x_wconf 89' lang='lat' dir='ltr'>Matherseye,</span> <span class='ocrx_word' id='word_1_85' title='bbox 574 1602 615 1665; x_wconf 90' lang='lat' dir='ltr'>de</span> <span class='ocrx_word' id='word_1_86' title='bbox 658 1601 878 1687; x_wconf 87' lang='lat' dir='ltr'>Langcastre‚</span> <span class='ocrx_word' id='word_1_87' title='bbox 910 1602 952 1666; x_wconf 94' lang='lat' dir='ltr'>de</span> <span class='ocrx_word' id='word_1_88' title='bbox 991 1601 1183 1686; x_wconf 89' lang='lat' dir='ltr'>Gysebum,</span> 
     </span>
     <span class='ocr_line' id='line_1_13' title="bbox 73 1706 1180 1790; baseline 0.002 -20"><span class='ocrx_word' id='word_1_89' title='bbox 73 1726 109 1770; x_wconf 90' lang='lat' dir='ltr'>ac</span> <span class='ocrx_word' id='word_1_90' title='bbox 142 1706 304 1790; x_wconf 87' lang='lat' dir='ltr'>capitulis</span> <span class='ocrx_word' id='word_1_91' title='bbox 335 1706 552 1771; x_wconf 88' lang='lat' dir='ltr'>ecclesiarum</span> <span class='ocrx_word' id='word_1_92' title='bbox 584 1707 749 1781; x_wconf 83' lang='lat' dir='ltr'>Eburum,</span> <span class='ocrx_word' id='word_1_93' title='bbox 783 1707 959 1771; x_wconf 83' lang='lat' dir='ltr'>Suwelliae</span> <span class='ocrx_word' id='word_1_94' title='bbox 964 1759 1180 1782; x_wconf 92' lang='grc'><strong>.....</strong></span> 
     </span>
     <span class='ocr_line' id='line_1_14' title="bbox 73 1810 1183 1896; baseline 0.002 -23"><span class='ocrx_word' id='word_1_95' title='bbox 73 1810 111 1874; x_wconf 91' lang='lat' dir='ltr'>de</span> <span class='ocrx_word' id='word_1_96' title='bbox 151 1810 300 1875; x_wconf 88' lang='lat' dir='ltr'>Houden</span> <span class='ocrx_word' id='word_1_97' title='bbox 332 1817 366 1874; x_wconf 93' lang='lat' dir='ltr'>et</span> <span class='ocrx_word' id='word_1_98' title='bbox 398 1811 440 1874; x_wconf 88' lang='lat' dir='ltr'>de</span> <span class='ocrx_word' id='word_1_99' title='bbox 481 1811 605 1896; x_wconf 87' lang='lat' dir='ltr'>Rypon</span> <span class='ocrx_word' id='word_1_100' title='bbox 637 1831 698 1894; x_wconf 91' lang='lat' dir='ltr'>per</span> <span class='ocrx_word' id='word_1_101' title='bbox 728 1819 965 1895; x_wconf 84' lang='lat' dir='ltr'>procuratores</span> <span class='ocrx_word' id='word_1_102' title='bbox 996 1811 1183 1876; x_wconf 81' lang='lat' dir='ltr'>literatorie</span> 
     </span>
     <span class='ocr_line' id='line_1_15' title="bbox 72 1915 1182 1999; baseline -0.001 -20"><span class='ocrx_word' id='word_1_103' title='bbox 72 1916 278 1979; x_wconf 86' lang='lat' dir='ltr'>constitutos</span> <span class='ocrx_word' id='word_1_104' title='bbox 300 1915 532 1998; x_wconf 86' lang='lat' dir='ltr'>personaliter,</span> <span class='ocrx_word' id='word_1_105' title='bbox 556 1937 595 1979; x_wconf 88' lang='lat' dir='ltr'>ac</span> <span class='ocrx_word' id='word_1_106' title='bbox 618 1915 692 1979; x_wconf 90' lang='lat' dir='ltr'>aliis</span> <span class='ocrx_word' id='word_1_107' title='bbox 714 1915 944 1980; x_wconf 86' lang='lat' dir='ltr'>assidentibus</span> <span class='ocrx_word' id='word_1_108' title='bbox 969 1922 1004 1979; x_wconf 91' lang='lat' dir='ltr'>et</span> <span class='ocrx_word' id='word_1_109' title='bbox 1027 1915 1182 1999; x_wconf 90' lang='lat' dir='ltr'>plurimis</span> 
     </span>
     <span class='ocr_line' id='line_1_16' title="bbox 72 2018 1181 2104; baseline 0.001 -22"><span class='ocrx_word' id='word_1_110' title='bbox 72 2018 143 2083; x_wconf 89' lang='lat' dir='ltr'>aliis</span> <span class='ocrx_word' id='word_1_111' title='bbox 197 2038 259 2103; x_wconf 91' lang='lat' dir='ltr'>per</span> <span class='ocrx_word' id='word_1_112' title='bbox 305 2027 542 2102; x_wconf 89' lang='lat' dir='ltr'>procuratores</span> <span class='ocrx_word' id='word_1_113' title='bbox 593 2019 780 2084; x_wconf 86' lang='lat' dir='ltr'>literatorie</span> <span class='ocrx_word' id='word_1_114' title='bbox 827 2020 1036 2084; x_wconf 91' lang='lat' dir='ltr'>constitutos</span> <span class='ocrx_word' id='word_1_115' title='bbox 1085 2039 1181 2104; x_wconf 92' lang='lat' dir='ltr'>prae-</span> 
     </span>
     <span class='ocr_line' id='line_1_17' title="bbox 71 2123 1177 2207; baseline 0.001 -21"><span class='ocrx_word' id='word_1_116' title='bbox 71 2124 235 2197; x_wconf 90' lang='lat' dir='ltr'>sentibus,</span> <span class='ocrx_word' id='word_1_117' title='bbox 264 2143 304 2188; x_wconf 90' lang='lat' dir='ltr'>ac</span> <span class='ocrx_word' id='word_1_118' title='bbox 332 2124 406 2188; x_wconf 86' lang='lat' dir='ltr'>aliis</span> <span class='ocrx_word' id='word_1_119' title='bbox 434 2124 674 2189; x_wconf 89' lang='lat' dir='ltr'>assistentibus</span> <span class='ocrx_word' id='word_1_120' title='bbox 703 2125 736 2189; x_wconf 94' lang='lat' dir='ltr'>in</span> <span class='ocrx_word' id='word_1_121' title='bbox 764 2123 987 2189; x_wconf 90' lang='lat' dir='ltr'>multitudine</span> <span class='ocrx_word' id='word_1_122' title='bbox 1015 2124 1177 2207; x_wconf 88' lang='lat' dir='ltr'>copiosa;</span> 
     </span>
     <span class='ocr_line' id='line_1_18' title="bbox 71 2226 1177 2314; baseline 0.002 -25"><span class='ocrx_word' id='word_1_123' title='bbox 71 2227 196 2293; x_wconf 89' lang='lat' dir='ltr'>lectum</span> <span class='ocrx_word' id='word_1_124' title='bbox 219 2226 284 2292; x_wconf 89' lang='lat' dir='ltr'>fuit</span> <span class='ocrx_word' id='word_1_125' title='bbox 307 2228 484 2313; x_wconf 87' lang='lat' dir='ltr'>quoddam</span> <span class='ocrx_word' id='word_1_126' title='bbox 507 2228 797 2304; x_wconf 88' lang='lat' dir='ltr'>certificatorium,</span> <span class='ocrx_word' id='word_1_127' title='bbox 822 2228 930 2314; x_wconf 88' lang='lat' dir='ltr'>sigillo</span> <span class='ocrx_word' id='word_1_128' title='bbox 953 2227 1177 2293; x_wconf 89' lang='lat' dir='ltr'>commissarii</span> 
     </span>
     <span class='ocr_line' id='line_1_19' title="bbox 71 2331 1179 2417; baseline 0.001 -21"><span class='ocrx_word' id='word_1_129' title='bbox 71 2331 234 2416; x_wconf 86' lang='lat' dir='ltr'>generalis</span> <span class='ocrx_word' id='word_1_130' title='bbox 282 2332 412 2396; x_wconf 92' lang='lat' dir='ltr'>domini</span> <span class='ocrx_word' id='word_1_131' title='bbox 462 2332 614 2397; x_wconf 86' lang='lat' dir='ltr'>officialis</span> <span class='ocrx_word' id='word_1_132' title='bbox 663 2333 776 2398; x_wconf 90' lang='lat' dir='ltr'>curiae</span> <span class='ocrx_word' id='word_1_133' title='bbox 827 2333 930 2398; x_wconf 86' lang='lat' dir='ltr'>Ebur.</span> <span class='ocrx_word' id='word_1_134' title='bbox 982 2332 1179 2417; x_wconf 86' lang='lat' dir='ltr'>praedictae</span> 
     </span>
     <span class='ocr_line' id='line_1_20' title="bbox 71 2436 1179 2522; baseline 0.004 -23"><span class='ocrx_word' id='word_1_135' title='bbox 71 2436 254 2522; x_wconf 86' lang='lat' dir='ltr'>signatum,</span> <span class='ocrx_word' id='word_1_136' title='bbox 284 2456 386 2520; x_wconf 92' lang='lat' dir='ltr'>super</span> <span class='ocrx_word' id='word_1_137' title='bbox 414 2437 595 2502; x_wconf 89' lang='lat' dir='ltr'>vocatione</span> <span class='ocrx_word' id='word_1_138' title='bbox 624 2437 702 2502; x_wconf 92' lang='lat' dir='ltr'>cleri</span> <span class='ocrx_word' id='word_1_139' title='bbox 733 2437 777 2503; x_wconf 92' lang='lat' dir='ltr'>ad</span> <span class='ocrx_word' id='word_1_140' title='bbox 806 2438 938 2504; x_wconf 89' lang='lat' dir='ltr'>dictum</span> <span class='ocrx_word' id='word_1_141' title='bbox 968 2437 1179 2522; x_wconf 87' lang='lat' dir='ltr'>provinciale</span> 
     </span>
     <span class='ocr_line' id='line_1_21' title="bbox 71 2540 1179 2626; baseline 0.001 -21"><span class='ocrx_word' id='word_1_142' title='bbox 71 2540 250 2606; x_wconf 90' lang='lat' dir='ltr'>concilium</span> <span class='ocrx_word' id='word_1_143' title='bbox 286 2548 508 2626; x_wconf 86' lang='lat' dir='ltr'>prorogatum</span> <span class='ocrx_word' id='word_1_144' title='bbox 541 2541 643 2616; x_wconf 84' lang='lat' dir='ltr'>lacta,</span> <span class='ocrx_word' id='word_1_145' title='bbox 677 2548 830 2607; x_wconf 92' lang='lat' dir='ltr'>tenorem</span> <span class='ocrx_word' id='word_1_146' title='bbox 860 2543 1040 2608; x_wconf 89' lang='lat' dir='ltr'>continens</span> <span class='ocrx_word' id='word_1_147' title='bbox 1075 2541 1179 2607; x_wconf 85' lang='lat' dir='ltr'>intra-</span> 
     </span>
     <span class='ocr_line' id='line_1_22' title="bbox 71 2645 1178 2731; baseline 0 -21"><span class='ocrx_word' id='word_1_148' title='bbox 71 2646 256 2731; x_wconf 90' lang='lat' dir='ltr'>scriptum:</span> <span class='ocrx_word' id='word_1_149' title='bbox 278 2645 359 2710; x_wconf 92' lang='lat' dir='ltr'>Viro</span> <span class='ocrx_word' id='word_1_150' title='bbox 374 2646 571 2720; x_wconf 88' lang='lat' dir='ltr'>venerabili,</span> <span class='ocrx_word' id='word_1_151' title='bbox 587 2653 651 2711; x_wconf 88' lang='lat' dir='ltr'>etc.</span> <span class='ocrx_word' id='word_1_152' title='bbox 699 2647 776 2731; x_wconf 75' lang='lat' dir='ltr'>Quo</span> <span class='ocrx_word' id='word_1_153' title='bbox 790 2647 1029 2712; x_wconf 87' lang='lat' dir='ltr'>certificatorio</span> <span class='ocrx_word' id='word_1_154' title='bbox 1043 2647 1178 2731; x_wconf 90' lang='lat' dir='ltr'>publice</span> 
     </span>
     <span class='ocr_line' id='line_1_23' title="bbox 72 2749 1178 2835; baseline 0.002 -21"><span class='ocrx_word' id='word_1_155' title='bbox 72 2750 229 2833; x_wconf 90' lang='lat' dir='ltr'>perlecto,</span> <span class='ocrx_word' id='word_1_156' title='bbox 269 2749 501 2835; x_wconf 81' lang='lat' dir='ltr'>praelatisque</span> <span class='ocrx_word' id='word_1_157' title='bbox 539 2750 740 2835; x_wconf 86' lang='lat' dir='ltr'>Templariis</span> <span class='ocrx_word' id='word_1_158' title='bbox 784 2751 909 2815; x_wconf 89' lang='lat' dir='ltr'>ibidem</span> <span class='ocrx_word' id='word_1_159' title='bbox 954 2751 1178 2835; x_wconf 89' lang='lat' dir='ltr'>personaliter</span> 
     </span>
     <span class='ocr_line' id='line_1_24' title="bbox 71 2853 1177 2939; baseline 0.002 -21"><span class='ocrx_word' id='word_1_160' title='bbox 71 2853 277 2930; x_wconf 72' lang='lat' dir='ltr'>constitutis</span> <span class='ocrx_word' id='word_1_161' title='bbox 315 2854 497 2937; x_wconf 86' lang='lat' dir='ltr'>praedictis</span> <span class='ocrx_word' id='word_1_162' title='bbox 533 2854 699 2938; x_wconf 90' lang='lat' dir='ltr'>episcopis</span> <span class='ocrx_word' id='word_1_163' title='bbox 741 2862 775 2918; x_wconf 94' lang='lat' dir='ltr'>et</span> <span class='ocrx_word' id='word_1_164' title='bbox 819 2855 894 2920; x_wconf 90' lang='lat' dir='ltr'>aliis</span> <span class='ocrx_word' id='word_1_165' title='bbox 933 2855 1104 2939; x_wconf 90' lang='lat' dir='ltr'>praelatis,</span> <span class='ocrx_word' id='word_1_166' title='bbox 1142 2862 1177 2920; x_wconf 93' lang='lat' dir='ltr'>et</span> 
     </span>
     <span class='ocr_line' id='line_1_25' title="bbox 71 2958 1175 3043; baseline 0.001 -20"><span class='ocrx_word' id='word_1_167' title='bbox 71 2959 220 3043; x_wconf 88' lang='lat' dir='ltr'>personis</span> <span class='ocrx_word' id='word_1_168' title='bbox 242 2958 477 3023; x_wconf 88' lang='lat' dir='ltr'>ecclesiasticis</span> <span class='ocrx_word' id='word_1_169' title='bbox 500 2980 539 3023; x_wconf 89' lang='lat' dir='ltr'>ac</span> <span class='ocrx_word' id='word_1_170' title='bbox 561 2959 721 3043; x_wconf 92' lang='lat' dir='ltr'>capitulis</span> <span class='ocrx_word' id='word_1_171' title='bbox 741 2960 873 3024; x_wconf 92' lang='lat' dir='ltr'>vocatis</span> <span class='ocrx_word' id='word_1_172' title='bbox 893 2960 1109 3035; x_wconf 91' lang='lat' dir='ltr'>nominatim,</span> <span class='ocrx_word' id='word_1_173' title='bbox 1129 2967 1175 3035; x_wconf 88' lang='lat' dir='ltr'>et,</span> 
     </span>
     <span class='ocr_line' id='line_1_26' title="bbox 71 3044 1177 3149; baseline 0.001 -21"><span class='ocrx_word' id='word_1_174' title='bbox 71 3069 107 3128; x_wconf 89' lang='lat' dir='ltr'>ut</span> <span class='ocrx_word' id='word_1_175' title='bbox 135 3084 250 3149; x_wconf 90' lang='lat' dir='ltr'>supra,</span> <span class='ocrx_word' id='word_1_176' title='bbox 280 3064 569 3147; x_wconf 90' lang='lat' dir='ltr'>comparentibus,</span> <span class='ocrx_word' id='word_1_177' title='bbox 600 3064 691 3128; x_wconf 93' lang='lat' dir='ltr'>idem</span> <span class='ocrx_word' id='word_1_178' title='bbox 723 3064 895 3129; x_wconf 89' lang='lat' dir='ltr'>Robertus</span> <span class='ocrx_word' id='word_1_179' title='bbox 918 3044 1177 3129; x_wconf 55' lang='lat' dir='ltr'>‘commissarius</span> 
     </span>
     <span class='ocr_line' id='line_1_27' title="bbox 71 3167 1176 3254; baseline 0.003 -23"><span class='ocrx_word' id='word_1_180' title='bbox 71 3167 286 3254; x_wconf 89' lang='lat' dir='ltr'>supradictus</span> <span class='ocrx_word' id='word_1_181' title='bbox 314 3167 445 3232; x_wconf 89' lang='lat' dir='ltr'>dictum</span> <span class='ocrx_word' id='word_1_182' title='bbox 473 3168 680 3252; x_wconf 88' lang='lat' dir='ltr'>provinciale</span> <span class='ocrx_word' id='word_1_183' title='bbox 700 3169 881 3233; x_wconf 91' lang='lat' dir='ltr'>concilium</span> <span class='ocrx_word' id='word_1_184' title='bbox 902 3189 1010 3254; x_wconf 90' lang='lat' dir='ltr'>usque</span> <span class='ocrx_word' id='word_1_185' title='bbox 1031 3169 1065 3233; x_wconf 93' lang='lat' dir='ltr'>in</span> <span class='ocrx_word' id='word_1_186' title='bbox 1085 3169 1176 3234; x_wconf 89' lang='lat' dir='ltr'>diem</span> 
     </span>
     <span class='ocr_line' id='line_1_28' title="bbox 71 3271 1176 3357; baseline -0.001 -20"><span class='ocrx_word' id='word_1_187' title='bbox 71 3272 256 3337; x_wconf 89' lang='lat' dir='ltr'>crastinum</span> <span class='ocrx_word' id='word_1_188' title='bbox 279 3271 324 3335; x_wconf 89' lang='lat' dir='ltr'>ad</span> <span class='ocrx_word' id='word_1_189' title='bbox 347 3272 617 3337; x_wconf 85' lang='lat' dir='ltr'>interessendum</span> <span class='ocrx_word' id='word_1_190' title='bbox 641 3273 675 3336; x_wconf 92' lang='lat' dir='ltr'>in</span> <span class='ocrx_word' id='word_1_191' title='bbox 699 3273 819 3337; x_wconf 91' lang='lat' dir='ltr'>eodem</span> <span class='ocrx_word' id='word_1_192' title='bbox 843 3273 1007 3357; x_wconf 88' lang='lat' dir='ltr'>capitulo,</span> <span class='ocrx_word' id='word_1_193' title='bbox 1032 3294 1071 3337; x_wconf 90' lang='lat' dir='ltr'>ac</span> <span class='ocrx_word' id='word_1_194' title='bbox 1095 3273 1176 3337; x_wconf 83' lang='lat' dir='ltr'>taci-</span> 
     </span>
     <span class='ocr_line' id='line_1_29' title="bbox 71 3374 1177 3462; baseline 0 -22"><span class='ocrx_word' id='word_1_195' title='bbox 71 3376 195 3442; x_wconf 91' lang='lat' dir='ltr'>eudum</span> <span class='ocrx_word' id='word_1_196' title='bbox 207 3374 309 3452; x_wconf 88' lang='lat' dir='ltr'>idern,</span> <span class='ocrx_word' id='word_1_197' title='bbox 321 3377 416 3462; x_wconf 90' lang='lat' dir='ltr'>quod</span> <span class='ocrx_word' id='word_1_198' title='bbox 428 3377 531 3460; x_wconf 91' lang='lat' dir='ltr'>prius,</span> <span class='ocrx_word' id='word_1_199' title='bbox 544 3376 752 3461; x_wconf 89' lang='lat' dir='ltr'>judicialiter</span> <span class='ocrx_word' id='word_1_200' title='bbox 763 3376 969 3462; x_wconf 86' lang='lat' dir='ltr'>assignando</span> <span class='ocrx_word' id='word_1_201' title='bbox 985 3398 991 3452; x_wconf 92' lang='lat'>;</span> <span class='ocrx_word' id='word_1_202' title='bbox 1017 3378 1177 3442; x_wconf 87' lang='lat' dir='ltr'>absentes</span> 
     </span>
     <span class='ocr_line' id='line_1_30' title="bbox 71 3479 789 3568; baseline -0.001 -22"><span class='ocrx_word' id='word_1_203' title='bbox 71 3501 175 3568; x_wconf 92' lang='lat' dir='ltr'>usque</span> <span class='ocrx_word' id='word_1_204' title='bbox 194 3479 228 3545; x_wconf 92' lang='lat' dir='ltr'>in</span> <span class='ocrx_word' id='word_1_205' title='bbox 246 3479 338 3545; x_wconf 92' lang='lat' dir='ltr'>diem</span> <span class='ocrx_word' id='word_1_206' title='bbox 356 3482 544 3546; x_wconf 90' lang='lat' dir='ltr'>crastinum</span> <span class='ocrx_word' id='word_1_207' title='bbox 563 3481 789 3565; x_wconf 89' lang='lat' dir='ltr'>expectando.</span> 
     </span>
    </p>
   </div>
   <div class='ocr_carea' id='block_1_3' title="bbox 83 3636 1178 3780">
    <p class='ocr_par' dir='ltr' id='par_1_3' title="bbox 83 3636 1178 3780">
     <span class='ocr_line' id='line_1_31' title="bbox 83 3636 1178 3780; baseline 0 -80"><span class='ocrx_word' id='word_1_208' title='bbox 83 3636 163 3700; x_wconf 81' lang='lat' dir='ltr'>Acta</span> <span class='ocrx_word' id='word_1_209' title='bbox 223 3652 244 3780; x_wconf 55' lang='lat' dir='ltr'>l</span> <span class='ocrx_word' id='word_1_210' title='bbox 359 3637 436 3721; x_wconf 75' lang='lat' dir='ltr'>Quo</span> <span class='ocrx_word' id='word_1_211' title='bbox 464 3636 519 3699; x_wconf 90' lang='lat' dir='ltr'>die</span> <span class='ocrx_word' id='word_1_212' title='bbox 546 3637 707 3711; x_wconf 74' lang='lat' dir='ltr'>crastino</span> <span class='ocrx_word' id='word_1_213' title='bbox 734 3636 861 3701; x_wconf 89' lang='lat' dir='ltr'>scilicet</span> <span class='ocrx_word' id='word_1_214' title='bbox 888 3649 946 3720; x_wconf 84' lang='lat'>290</span> <span class='ocrx_word' id='word_1_215' title='bbox 971 3637 1025 3701; x_wconf 92' lang='lat' dir='ltr'>die</span> <span class='ocrx_word' id='word_1_216' title='bbox 1052 3637 1178 3701; x_wconf 92' lang='lat' dir='ltr'>mensis</span> 
     </span>
    </p>
   </div>
   <div class='ocr_carea' id='block_1_4' title="bbox 71 3738 1177 4562">
    <p class='ocr_par' dir='ltr' id='par_1_4' title="bbox 71 3738 1177 4562">
     <span class='ocr_line' id='line_1_32' title="bbox 71 3738 1176 3827; baseline 0.001 -24"><span class='ocrx_word' id='word_1_217' title='bbox 71 3738 187 3805; x_wconf 79' lang='lat' dir='ltr'>decimi</span> <span class='ocrx_word' id='word_1_218' title='bbox 272 3741 355 3825; x_wconf 90' lang='lat' dir='ltr'>Julii</span> <span class='ocrx_word' id='word_1_219' title='bbox 404 3741 590 3824; x_wconf 90' lang='lat' dir='ltr'>praedicto,</span> <span class='ocrx_word' id='word_1_220' title='bbox 639 3761 755 3805; x_wconf 87' lang='lat' dir='ltr'>coram</span> <span class='ocrx_word' id='word_1_221' title='bbox 806 3741 963 3825; x_wconf 85' lang='lat' dir='ltr'>praefato</span> <span class='ocrx_word' id='word_1_222' title='bbox 1012 3742 1176 3827; x_wconf 85' lang='lat' dir='ltr'>magistro</span> 
     </span>
     <span class='ocr_line' id='line_1_33' title="bbox 85 3784 1177 3930; baseline 0.002 -22"><span class='ocrx_word' id='word_1_223' title='bbox 85 3843 160 3910; x_wconf 76' lang='lat' dir='ltr'>diei.</span> <span class='ocrx_word' id='word_1_224' title='bbox 230 3784 236 3887; x_wconf 70' lang='grc' dir='ltr'>Ι</span> <span class='ocrx_word' id='word_1_225' title='bbox 273 3846 426 3910; x_wconf 90' lang='lat' dir='ltr'>Roberto</span> <span class='ocrx_word' id='word_1_226' title='bbox 473 3845 719 3919; x_wconf 74' lang='lat' dir='ltr'>commissario</span> <span class='ocrx_word' id='word_1_227' title='bbox 766 3850 799 3907; x_wconf 94' lang='lat' dir='ltr'>et</span> <span class='ocrx_word' id='word_1_228' title='bbox 838 3844 978 3909; x_wconf 92' lang='lat' dir='ltr'>domino</span> <span class='ocrx_word' id='word_1_229' title='bbox 1017 3845 1177 3930; x_wconf 90' lang='lat' dir='ltr'>episcopo</span> 
     </span>
     <span class='ocr_line' id='line_1_34' title="bbox 71 3946 1176 4032; baseline -0.001 -18"><span class='ocrx_word' id='word_1_230' title='bbox 71 3946 244 4016; x_wconf 83' lang='lat' dir='ltr'>Candidae</span> <span class='ocrx_word' id='word_1_231' title='bbox 277 3950 382 4014; x_wconf 85' lang='lat' dir='ltr'>Casae</span> <span class='ocrx_word' id='word_1_232' title='bbox 415 3970 455 4013; x_wconf 88' lang='lat' dir='ltr'>ac</span> <span class='ocrx_word' id='word_1_233' title='bbox 489 3947 650 4031; x_wconf 87' lang='lat' dir='ltr'>praelatis</span> <span class='ocrx_word' id='word_1_234' title='bbox 684 3955 718 4012; x_wconf 89' lang='lat' dir='ltr'>et</span> <span class='ocrx_word' id='word_1_235' title='bbox 756 3949 907 4032; x_wconf 91' lang='lat' dir='ltr'>personis</span> <span class='ocrx_word' id='word_1_236' title='bbox 941 3949 1176 4014; x_wconf 89' lang='lat' dir='ltr'>ecclesiasticis</span> 
     </span>
     <span class='ocr_line' id='line_1_35' title="bbox 72 4052 1175 4136; baseline -0.001 -19"><span class='ocrx_word' id='word_1_237' title='bbox 72 4053 102 4118; x_wconf 89' lang='lat' dir='ltr'>in</span> <span class='ocrx_word' id='word_1_238' title='bbox 131 4055 227 4120; x_wconf 90' lang='lat' dir='ltr'>dicto</span> <span class='ocrx_word' id='word_1_239' title='bbox 251 4053 410 4120; x_wconf 88' lang='lat' dir='ltr'>ecclesiae</span> <span class='ocrx_word' id='word_1_240' title='bbox 437 4053 539 4117; x_wconf 87' lang='lat' dir='ltr'>Ebur.</span> <span class='ocrx_word' id='word_1_241' title='bbox 568 4052 730 4136; x_wconf 79' lang='lat' dir='ltr'>Cupitulo</span> <span class='ocrx_word' id='word_1_242' title='bbox 756 4073 817 4136; x_wconf 89' lang='lat' dir='ltr'>pro</span> <span class='ocrx_word' id='word_1_243' title='bbox 846 4053 1008 4117; x_wconf 87' lang='lat' dir='ltr'>tribunali</span> <span class='ocrx_word' id='word_1_244' title='bbox 1029 4053 1175 4118; x_wconf 90' lang='lat' dir='ltr'>sedenti-</span> 
     </span>
     <span class='ocr_line' id='line_1_36' title="bbox 71 4156 1174 4244; baseline 0.001 -24"><span class='ocrx_word' id='word_1_245' title='bbox 71 4157 142 4235; x_wconf 92' lang='lat' dir='ltr'>bus,</span> <span class='ocrx_word' id='word_1_246' title='bbox 175 4159 330 4244; x_wconf 90' lang='lat' dir='ltr'>aliisque,</span> <span class='ocrx_word' id='word_1_247' title='bbox 365 4164 435 4221; x_wconf 86' lang='lat' dir='ltr'>tam</span> <span class='ocrx_word' id='word_1_248' title='bbox 468 4156 598 4221; x_wconf 87' lang='lat' dir='ltr'>clericis</span> <span class='ocrx_word' id='word_1_249' title='bbox 630 4178 735 4241; x_wconf 91' lang='lat' dir='ltr'>quam</span> <span class='ocrx_word' id='word_1_250' title='bbox 769 4156 862 4221; x_wconf 91' lang='lat' dir='ltr'>laicis</span> <span class='ocrx_word' id='word_1_251' title='bbox 891 4157 924 4221; x_wconf 92' lang='lat' dir='ltr'>in</span> <span class='ocrx_word' id='word_1_252' title='bbox 953 4157 1174 4221; x_wconf 88' lang='lat' dir='ltr'>multitudine</span> 
     </span>
     <span class='ocr_line' id='line_1_37' title="bbox 71 4261 1174 4345; baseline 0.002 -21"><span class='ocrx_word' id='word_1_253' title='bbox 71 4263 307 4338; x_wconf 86' lang='lat' dir='ltr'>existentibus,</span> <span class='ocrx_word' id='word_1_254' title='bbox 342 4261 487 4345; x_wconf 84' lang='lat' dir='ltr'>praelati</span> <span class='ocrx_word' id='word_1_255' title='bbox 521 4261 705 4345; x_wconf 89' lang='lat' dir='ltr'>Templarii</span> <span class='ocrx_word' id='word_1_256' title='bbox 740 4279 782 4343; x_wconf 76' lang='lat'>24</span> <span class='ocrx_word' id='word_1_257' title='bbox 816 4280 980 4335; x_wconf 90' lang='lat' dir='ltr'>numero;</span> <span class='ocrx_word' id='word_1_258' title='bbox 1017 4261 1174 4326; x_wconf 85' lang='lat' dir='ltr'>videlicet</span> 
     </span>
     <span class='ocr_line' id='line_1_38' title="bbox 73 4363 1175 4449; baseline 0.002 -20"><span class='ocrx_word' id='word_1_259' title='bbox 73 4365 175 4432; x_wconf 83' lang='lat' dir='ltr'>trater</span> <span class='ocrx_word' id='word_1_260' title='bbox 215 4366 405 4432; x_wconf 91' lang='lat' dir='ltr'>Willelmus</span> <span class='ocrx_word' id='word_1_261' title='bbox 443 4367 484 4430; x_wconf 89' lang='lat' dir='ltr'>de</span> <span class='ocrx_word' id='word_1_262' title='bbox 523 4365 682 4441; x_wconf 80' lang='lat' dir='ltr'>Gratton,</span> <span class='ocrx_word' id='word_1_263' title='bbox 721 4372 785 4429; x_wconf 93' lang='lat' dir='ltr'>etc.</span> <span class='ocrx_word' id='word_1_264' title='bbox 828 4363 1051 4449; x_wconf 88' lang='lat' dir='ltr'>personaliter</span> <span class='ocrx_word' id='word_1_265' title='bbox 1084 4385 1175 4431; x_wconf 91' lang='lat' dir='ltr'>com·</span> 
     </span>
     <span class='ocr_line' id='line_1_39' title="bbox 71 4469 1174 4562; baseline -0.002 -24"><span class='ocrx_word' id='word_1_266' title='bbox 71 4478 279 4557; x_wconf 84' lang='lat' dir='ltr'>paruerunt;</span> <span class='ocrx_word' id='word_1_267' title='bbox 319 4476 354 4537; x_wconf 90' lang='lat' dir='ltr'>et</span> <span class='ocrx_word' id='word_1_268' title='bbox 394 4469 597 4536; x_wconf 78' lang='lat' dir='ltr'>fatebantur</span> <span class='ocrx_word' id='word_1_269' title='bbox 639 4477 674 4534; x_wconf 90' lang='lat' dir='ltr'>et</span> <span class='ocrx_word' id='word_1_270' title='bbox 710 4488 867 4555; x_wconf 85' lang='lat' dir='ltr'>expresse</span> <span class='ocrx_word' id='word_1_271' title='bbox 905 4480 1174 4562; x_wconf 84' lang='lat' dir='ltr'>recognoverunt</span> 
     </span>
    </p>
   </div>
   <div class='ocr_carea' id='block_1_5' title="bbox 0 0 1464 5010">
    <p class='ocr_par' dir='ltr' id='par_1_5' title="bbox 0 0 1464 5010">
     <span class='ocr_line' id='line_1_40' title="bbox 0 0 1464 5010; baseline 0 1"><span class='ocrx_word' id='word_1_272' title='bbox 0 0 1464 5010; x_wconf 95' lang='lat' dir='ltr'> </span> 
     </span>
    </p>
   </div>
  </div>
 </body>
</html>
