2962 5002
207 387 249 453 54
590 370 762 437 Ruconns
796 389 841 435 or
868 387 939 436 rim

212 562 410 627 custodiant
426 570 461 627 et
478 564 622 628 thronus
638 563 712 647 ejus
728 563 910 628 clementia
927 562 1164 628 roboretur.''*
1196 563 1320 628 Atten-

213 665 333 731 dentes
349 667 467 752 itaque
483 668 576 752 quod
598 668 801 732 venerabilis
821 668 855 732 in
876 668 1011 749 Christo
1032 674 1140 752 pater,
1161 667 1322 732 dominus

214 770 410 853 Wlalterus]
451 773 514 836 Dei
550 771 670 836 Gratia
705 771 945 837 Coventrensis
983 779 1017 836 et
1056 771 1323 851 Lincolniensis†

213 874 392 959 episcopus
420 876 453 940 in
477 882 590 940 castro
614 883 729 940 vestro
757 877 860 941 Ebor.
885 877 1044 941 carcerali
1068 876 1245 941 custodiae
1269 883 1321 939 est

214 979 383 1054 addictuS,
403 980 437 1044 in
455 981 666 1064 vituperium
684 980 885 1063 episcopalis
903 981 1092 1065 dignitatis
1112 1002 1201 1056 cum,
1220 980 1323 1064 juxta

213 1103 333 1147 vocem
344 1083 589 1167 Apostolicam,
605 1091 622 1113 ¹⁴
636 1085 764 1149 Omnes
774 1105 891 1149 sumus
904 1085 1050 1149 invicem
1062 1084 1276 1166 membra,'’‡
1286 1089 1322 1147 et

214 1187 242 1250 si
269 1187 353 1271 quid
381 1189 514 1271 patitur
540 1209 647 1253 unum
676 1190 868 1253 membrum
899 1189 1159 1272 compatiuntur
1190 1195 1223 1252 et
1256 1188 1324 1252 alia

215 1292 380 1365 membra,
409 1292 515 1374 ipsius
542 1293 717 1357 afflictioni
744 1293 927 1357 miserabili
954 1293 1106 1375 compati
1133 1291 1323 1357 necessario

218 1394 455 1479 compellimur
479 1403 514 1459 et
541 1403 726 1460 arctamur.
775 1396 941 1480 Quocirca
966 1397 1186 1461 excellentiae
1213 1397 1324 1481 regiae

217 1498 336 1563 humili
370 1520 409 1564 ac
442 1499 577 1564 elevata
610 1501 775 1565 instantia
807 1500 1050 1585 supplicamus
1079 1506 1251 1586 quatenus
1278 1500 1324 1565 ad

217 1602 379 1667 honorem
400 1604 462 1667 Dei
482 1610 516 1667 et
535 1603 694 1668 ecclesiae
713 1624 794 1668 suae
812 1612 952 1669 sanctae
971 1625 1103 1669 necnon
1122 1604 1324 1689 episcopalis

217 1706 344 1770 ordinis
382 1708 615 1783 eminentiam,
651 1708 749 1791 cujus
787 1708 976 1773 ministerio
1014 1715 1149 1773 vestrae
1184 1729 1324 1773 corona-

217 1810 321 1875 tionis
335 1811 478 1896 insignia
494 1812 678 1896 recepistis,
691 1811 877 1876 venerabili
893 1812 983 1895 patri
999 1812 1175 1896 praedicto
1189 1819 1325 1876 vestrae

217 1916 491 1981 mansuetudinis
513 1923 547 1980 et
570 1916 770 1981 clementiae
787 1917 917 1980 viscera
940 1916 1137 2001 dignemini,
1154 1917 1181 1980 si
1199 1915 1323 2000 placet,

217 2019 443 2084 effectualiter
487 2021 627 2103 aperire,
674 2021 785 2103 ipsum
824 2020 1064 2103 praecipiendo
1106 2042 1126 2084 a
1163 2019 1324 2084 carcerali

218 2123 375 2188 custodia
398 2124 542 2199 liberari,
560 2146 600 2188 ac
616 2125 659 2189 de
679 2125 799 2189 innata
822 2125 920 2188 vobis
940 2125 1153 2209 benignitate
1172 2124 1326 2208 gratuita

219 2227 383 2310 pristinae
400 2230 533 2293 restitui
550 2229 712 2304 libertati,
728 2236 768 2293 ut
781 2228 904 2292 exinde
919 2228 1012 2311 apud
1027 2235 1202 2293 auctorem
1217 2228 1327 2292 totius

220 2331 443 2416 benignitatis
458 2339 491 2396 et
508 2333 709 2397 clementiae
726 2332 871 2397 valeatis
886 2333 1074 2417 condignae
1091 2332 1327 2397 retributionis

220 2436 410 2518 praemium
442 2444 626 2519 reportare,
659 2443 824 2520 totusque
850 2443 963 2500 status
991 2436 1238 2501 ecclesiasticus
1265 2456 1327 2520 pro

220 2544 355 2603 vestrae
373 2539 494 2603 salutis
512 2547 547 2603 et
566 2540 703 2603 honoris
722 2547 908 2624 augmento
927 2540 970 2604 ad
989 2540 1116 2604 devota
1135 2546 1169 2603 et
1189 2539 1327 2604 assidua

218 2643 414 2706 orationum
430 2643 593 2726 suffragia
608 2644 653 2707 sit
669 2644 840 2707 astrictus
889 2645 1073 2707 Conservet
1091 2665 1152 2708 vos
1167 2643 1326 2707 ecclcsiae

218 2752 252 2809 et
266 2746 394 2830 populo
407 2767 468 2810 suo
482 2748 574 2811 Deus
587 2768 647 2830 per
660 2753 816 2831 tempora
829 2747 990 2832 longiora.
1035 2749 1165 2812 Datum
1180 2747 1326 2812 Eboraci

217 2849 270 2933 iij0
287 2871 396 2914 nonas
415 2851 509 2934 junii
529 2869 560 2914 a.
582 2868 614 2915 o.
635 2869 779 2915 ucccxr.

713 3028 832 3093 XXII.

339 3157 426 3217 xviii.
471 3157 536 3215 'she
555 3157 712 3233 following
728 3156 880 3215 mandate
898 3155 978 3213 from
991 3156 1192 3232 Arclrbishop
1208 3157 1325 3215 (irene-

259 3252 321 3314 feld
339 3262 372 3312 to
388 3253 435 3311 his
453 3252 586 3321 Officia,
605 3252 752 3329 ordering
769 3252 835 3311 him
855 3259 888 3310 to
904 3250 1030 3327 publish
1050 3251 1103 3310 tlre
1122 3251 1277 3312 Sentence
1292 3252 1326 3311 of

258 3348 312 3408 the
327 3348 424 3408 Court
441 3348 513 3407 held
529 3367 569 3407 orr
587 3348 641 3406 the
652 3347 826 3424 Templars,
840 3347 938 3405 closes
952 3347 1005 3404 the
1017 3346 1118 3405 wbole
1129 3346 1210 3405 dark
1222 3347 1324 3406 affair.

305 3495 495 3560 Willelmus
531 3503 595 3560 etc.
634 3494 759 3558 dilecto
795 3494 864 3556 lilio
901 3492 1034 3556 officiali
1071 3498 1189 3556 nostro
1220 3493 1324 3557 Ebor.

219 3599 366 3664 salutem
396 3600 543 3683 gratiam
574 3606 608 3662 et
639 3598 922 3661 benedictionem.
970 3595 1088 3678 Nuper
1118 3596 1151 3659 in
1182 3596 1326 3661 concilio

217 3702 376 3788 generali,
405 3703 458 3767 cui
488 3702 715 3775 interfuimus,
744 3702 796 3764 vir
822 3700 1057 3764 sanctissimus
1084 3707 1183 3782 pater
1209 3706 1326 3765 noster

217 3807 377 3872 dominus
416 3806 584 3871 Dominus
623 3806 777 3869 Clemens
816 3805 933 3868 divina
972 3804 1189 3886 providentia
1229 3804 1324 3888 Papa

216 3911 360 3996 quintus
389 3930 449 3993 per
477 3910 570 3973 viam
599 3909 802 3992 provisionis
829 3929 888 3971 seu
917 3907 1142 3971 ordinationis
1169 3907 1323 3972 ordinem

216 4015 358 4080 militiae
381 4014 512 4097 Templi
537 4014 709 4097 ipsiusque
732 4012 860 4076 ordinis
881 4019 1013 4075 statum
1037 4012 1194 4075 habitum
1218 4018 1324 4095 atque

215 4140 340 4185 nomen
355 4118 577 4203 irrefragabili
592 4125 626 4181 et
639 4125 806 4202 perpetuo
820 4115 968 4179 valitura
982 4114 1121 4178 sustulit
1134 4114 1323 4190 sanctione,

286 4248 300 4275 t

285 4247 665 4387 tllrtvdeltexlvss.Coventry
685 4325 740 4372 and
760 4322 889 4384 Lr'clrfield
908 4322 963 4369 and
984 4321 1031 4367 tlre
1052 4320 1156 4382 Bishop
1169 4319 1275 4368 Walter
1288 4321 1323 4368 de

212 4408 351 4470 Langton.

282 4489 298 4543 ,t
319 4485 405 4534 lCor.
420 4484 466 4540 xii
482 4497 524 4545 25,
540 4487 590 4544 26;
611 4484 683 4549 Eph.
697 4484 734 4540 iv,
751 4495 792 4544 ²5-
