2918 5010
432 383 637 448 Nonruanu
661 383 930 448 Couvocarrou.
1175 397 1236 465 157

129 576 238 662 “Ego
261 577 410 641 Thomas
435 576 668 640 Ricbemonde
692 577 736 639 ab
759 577 823 639 hac
846 577 929 640 hora
952 576 1092 640 inantea
1115 574 1238 658 abjuro

128 682 323 765 praedicare
351 681 471 746 docere
499 688 722 745 manutenere
750 701 809 744 seu
838 681 1019 745 defendere
1047 700 1175 744 errores
1202 685 1237 744 et

128 787 293 862 haereses
310 807 370 870 per
385 807 439 850 me
455 787 488 850 in
506 786 560 849 die
576 786 722 849 Sanctae
739 785 859 848 Annae
875 786 1036 850 ultimum
1052 785 1238 869 praeterito

128 891 262 974 publice
295 890 521 974 praedicatos,
557 897 590 953 et
625 890 657 953 in
691 890 820 973 judicio
853 892 886 954 in
921 891 1023 954 domo
1056 890 1237 973 capitulari

128 995 286 1060 ecclesiae
320 996 423 1059 Ebor.
460 1016 574 1059 coram
610 995 862 1059 venerabilibus
898 995 1055 1078 patribus
1090 995 1238 1059 dominis

127 1099 259 1164 Thoma
291 1099 525 1172 Dunelmensi,
558 1105 593 1162 et
625 1098 794 1164 Willelmo
825 1100 1021 1164 Carliolensi
1059 1086 1236 1184 episcbpiS,

128 1212 161 1268 et
199 1205 304 1268 fratre
342 1203 512 1268 Willelmo
550 1205 677 1267 abbate
714 1204 912 1268 monasterii
950 1206 1073 1269 beatae
1112 1205 1238 1270 Mariae

128 1310 281 1374 Eborum
320 1310 560 1374 commissariis
599 1309 722 1373 vestris
761 1309 977 1393 supradictis
1018 1331 1057 1373 ac
1096 1311 1239 1374 caeteris

128 1414 289 1498 praelatis
319 1421 353 1478 et
384 1414 473 1477 clero
503 1414 630 1477 ibidem
662 1415 900 1497 praesentibus
930 1435 990 1498 per
1019 1436 1073 1480 me
1104 1415 1238 1498 publice

127 1519 338 1583 confessatos
358 1537 489 1581 necnon
510 1519 594 1580 alios
614 1537 752 1591 errores,
774 1527 808 1583 et
829 1521 984 1583 haereses
1002 1540 1236 1604 quoscunque.

128 1631 161 1687 et
181 1623 292 1687 dictos
311 1630 346 1686 et
366 1623 582 1706 praedicatos
602 1626 781 1698 revocabo,
803 1625 987 1698 annulab0‚
1008 1631 1042 1688 et
1062 1625 1239 1689 destruam

128 1729 228 1810 iuxta
245 1748 354 1811 posse,
372 1735 406 1791 et
424 1728 674 1811 poenitentiam
692 1729 774 1793 mihi
793 1750 852 1812 per
868 1750 941 1804 νος,
960 1729 1238 1794 reverendissime

128 1839 236 1916 pater,
256 1852 318 1915 pro
336 1832 530 1915 praemissis
548 1831 806 1915 injungendam,
826 1834 1001 1898 humiliter
1018 1834 1214 1917 adimplebo
1230 1855 1236 1909 ;

127 1937 174 2001 sic
203 1957 257 2001 me
288 1937 382 2000 Deus
411 1936 566 2019 adjuvet,
598 1942 632 1999 et
662 1937 745 2002 haec
776 1939 902 2002 Sancta
932 1939 995 2002 Dei
1025 1938 1236 2023 evangelia.”

127 2041 203 2127 Quo
247 2043 350 2116 factu,
397 2041 573 2125 praefatus
618 2039 919 2104 reverendissimus
962 2046 1071 2121 pater,
1117 2039 1237 2104 habita

127 2146 371 2211 deliberatione
398 2145 535 2229 aliquali
562 2165 665 2228 super
690 2144 894 2227 praemissis
922 2143 1069 2207 eundem
1095 2144 1237 2208 fratrem

126 2251 294 2316 Thomam
336 2251 450 2314 omnia
491 2250 678 2333 praemissa
718 2249 766 2311 sic
806 2253 940 2330 sponte,
982 2253 1021 2311 ut
1062 2248 1235 2331 apparuit,

125 2355 348 2420 confitentem
369 2362 402 2418 et
425 2355 562 2419 veniam
583 2353 758 2418 humiliter
778 2351 1024 2435 postulantem,
1053 2352 1098 2416 ab
1125 2352 1237 2416 officio

126 2461 282 2544 publicae
306 2459 580 2544 praedicationis,
605 2478 784 2543 quousque
806 2477 841 2520 se
864 2455 1110 2531 emendaverit,
1135 2463 1169 2520 et
1192 2457 1237 2521 ab

126 2565 245 2629 eodem
280 2565 561 2628 reverendissimo
595 2570 704 2647 patre,
740 2563 792 2625 vel
828 2584 849 2625 a
882 2560 1133 2625 successoribus
1166 2561 1236 2626 suis

125 2671 272 2755 gratiam
308 2671 342 2732 in
375 2670 438 2733 hac
467 2675 565 2752 parte
593 2668 748 2731 obtinere
776 2666 956 2739 invenerit,
985 2665 1164 2748 suspendit
1197 2685 1236 2729 ac

127 2775 328 2839 facultatem
358 2774 493 2857 publice
522 2770 741 2856 praedicandi
770 2771 834 2833 sibi
865 2769 1066 2845 interdixit;
1104 2790 1236 2834 necnon

126 2879 235 2944 eidem
270 2879 366 2942 fratri
401 2878 563 2952 Thomae,
598 2878 728 2940 virtute
760 2875 947 2958 juramenti
981 2875 1033 2939 sui
1066 2875 1235 2959 praestiti,

127 2983 289 3065 injunxit,
317 2982 411 3066 quod
439 2982 510 3065 ipse
537 2980 713 3065 quandam
742 2980 995 3044 revocationem
1022 2999 1175 3045 errorum
1201 2987 1236 3044 et

127 3087 313 3159 haereseos
338 3106 398 3171 per
419 3087 531 3169 ipsum
555 3085 689 3168 publice
712 3084 988 3168 praedicatorum
1011 3090 1045 3147 et
1067 3085 1236 3148 confessa-

127 3197 251 3267 torum,
270 3211 330 3275 per
345 3191 492 3254 eundem
510 3190 733 3254 reverendum
752 3195 897 3271 patrem,
915 3194 950 3251 et
967 3187 1040 3270 ejus
1057 3188 1235 3253 consilium

127 3295 160 3358 in
182 3296 319 3379 scriptis
340 3295 571 3379 redigendam,
596 3301 630 3358 et
653 3295 763 3358 eidem
787 3293 884 3356 fratri
907 3292 1060 3355 Thomae
1083 3299 1237 3377 tempore

126 3420 275 3484 congruo
304 3400 527 3473 liberandam,
558 3399 692 3483 publice
720 3399 764 3462 ad
793 3417 900 3461 unum
928 3416 1119 3461 sermonem
1148 3397 1236 3461 infra

126 3504 304 3568 civitatem
325 3505 576 3569 Eboracensem
593 3504 647 3567 die
664 3510 698 3566 et
715 3503 790 3566 loco
806 3500 1005 3575 limitandis
1026 3508 1167 3585 propter
1186 3522 1235 3566 re-

125 3610 342 3673 vocationem
358 3629 509 3672 errorum
526 3608 723 3691 hujusmodi
740 3627 800 3691 per
819 3607 924 3670 alium
944 3606 986 3670 de
1006 3606 1236 3691 assignatione

126 3712 208 3777 dicti
242 3712 512 3776 reverendissimi
545 3713 652 3795 patris
680 3711 931 3796 deputandum,
961 3710 1166 3787 faciendum,
1201 3718 1235 3775 et

126 3817 260 3899 publice
277 3816 557 3900 praedicandum,
574 3817 767 3880 notificabit
781 3823 815 3879 et
830 3815 1020 3899 publicabit
1033 3816 1067 3880 in
1082 3817 1233 3901 vulgari:

128 3920 367 3985 Praesentibus
403 3920 655 3984 venerabilibus
689 3926 723 3982 et
759 3918 913 3983 discretis
948 3919 1029 3982 viris
1064 3920 1236 4004 magistris

127 4023 275 4088 Ricardo
303 4024 431 4097 Arnall,
462 4024 621 4087 ecclesiae
650 4023 752 4088 Ebor.
783 4022 948 4096 canonici,
983 4023 1097 4087 curiae
1131 4023 1233 4088 Ebor.

125 4128 270 4203 officiali,
324 4128 493 4192 Willelmo
546 4129 668 4200 Felter,
720 4128 833 4212 legum
885 4126 1035 4200 doctore,
1088 4127 1235 4210 praefati

125 4232 395 4297 reverendissimi
436 4233 544 4316 patris
584 4231 803 4304 Cancellario,
845 4231 1004 4314 Johanne
1044 4231 1233 4304 Carletone,

125 4337 283 4401 ecclesiae
319 4338 421 4401 Ebor.
461 4337 636 4411 canonico,
675 4335 862 4401 Edmundo
901 4335 1100 4410 Kirketone,
1138 4355 1234 4400 sacra

126 4441 269 4525 paginae
314 4440 513 4526 professore,
562 4440 695 4525 Rogero
741 4439 978 4525 Esyngwalde,
1025 4440 1058 4503 in
1104 4439 1234 4523 legibus
