2918 5010
215 367 278 454 248
601 365 773 435 Recolens
797 385 841 433 or
865 382 936 434 run

306 563 524 647 Praepositus
555 561 713 627 ecclesiae
746 560 998 626 Beverlacensis
1028 582 1089 645 per
1119 561 1329 647 Magistrum

220 667 391 753 Rogerum
410 666 618 732 Brandesbie
635 666 866 741 exhibentem,
884 672 948 730 etc.

306 807 503 893 Capitulum
539 807 697 872 ecclesiae
733 806 938 891 Collegiatae
975 806 1230 871 Beverlacensis
1268 828 1331 892 per

220 912 420 998 Magistrum
443 911 649 976 Willehnum
671 910 797 976 Clifton
820 911 1050 987 exhibentem,
1072 917 1137 976 etc.

306 1054 468 1119 Officialis
499 1052 752 1136 Jurisdictionis
785 1052 1040 1137 praepositurae
1072 1052 1331 1119 Beverlacensis

219 1179 278 1243 per
295 1158 496 1243 Magistrum
513 1157 720 1258 Willelmum
738 1156 879 1232 Gamet,
898 1163 962 1222 etc.

307 1301 422 1365 Clerus
469 1300 714 1383 jurisdictionis
762 1300 1017 1385 praepositurae
1064 1299 1219 1384 ejusdem
1268 1322 1331 1386 per

221 1405 401 1489 Magistros
439 1403 611 1489 Rogerum
648 1404 857 1469 Brandesbie
891 1411 926 1470 et
955 1405 1161 1470 Willelmum
1195 1404 1330 1471 Garnet

219 1508 448 1573 substitutum
473 1508 625 1593 Magistri
649 1509 792 1573 Roberti
815 1509 932 1575 Wade.

308 1637 505 1723 Capitulum
542 1638 702 1703 ecclesiae
740 1637 945 1724 Collegiatae
983 1640 1026 1703 de
1065 1639 1231 1704 Hoveden
1268 1660 1332 1725 per

221 1743 421 1829 Magistrum
438 1742 645 1807 Willelmum
662 1741 801 1808 Gamet.

309 1872 431 1937 Custos
471 1871 717 1956 jurisdictionis
757 1872 799 1936 de
841 1872 1007 1937 Hoveden
1049 1892 1110 1957 per
1147 1871 1330 1938 dominum

224 1979 425 2063 Magistmm
444 1976 651 2042 Willelmum
669 1975 798 2042 Gamet
816 1977 994 2042 custodem
1013 1977 1149 2042 ibidem.

310 2108 507 2192 Capitulum
555 2106 714 2172 ecclesiae
761 2105 966 2191 Collegiatae
1014 2106 1056 2170 de
1106 2106 1218 2191 Ripon
1267 2127 1331 2191 per

225 2212 426 2298 Magistrum
447 2210 671 2296 Radulphum
691 2211 926 2296 Suggeswicke
944 2211 1175 2286 exhibentem,
1195 2217 1258 2276 etc.

309 2342 431 2407 Custos
462 2341 708 2424 jurisdictionis
739 2341 782 2405 de
813 2341 985 2407 Allertone
1016 2349 1050 2405 et
1082 2341 1328 2406 Allertonshire

220 2447 413 2530 comparuit
444 2445 676 2530 personaliter,
710 2445 870 2530 Magister
901 2444 1040 2510 clericus
1072 2445 1183 2510 Becke
1210 2452 1329 2511 custos
1414 2515 1421 2529 .

222 2550 358 2615 ibidem.

309 2667 423 2731 Clerus
434 2666 679 2748 jurisdictionis
690 2664 844 2748 ejusdem
856 2686 916 2750 per
928 2667 1107 2752 Magistros
1119 2666 1328 2733 Willelmum

223 2772 391 2855 Haxoppe
410 2778 443 2834 et
464 2770 670 2835 Willelmum
690 2769 818 2834 Gamet
838 2771 1048 2846 exhibentes,
1068 2779 1131 2835 etc.

308 2899 503 2983 Capitulum
543 2900 700 2963 ecclesiae
734 2899 938 2984 Collegiatae
972 2901 1013 2963 de
1047 2899 1231 2964 Southwell
1267 2921 1328 2983 per

223 3004 423 3088 Magistrum
443 3003 629 3068 Ricardum
648 3003 769 3086 Wylde
787 3005 1016 3079 exhibentem,
1036 3012 1099 3069 etc.

308 3132 423 3195 Clerus
438 3131 683 3215 jurisdictionis
698 3132 856 3196 ecclesiae
871 3132 1068 3217 collegiatae
1084 3133 1125 3197 de
1141 3132 1327 3197 Southwell

221 3257 281 3321 per
299 3236 444 3301 eundem
465 3236 661 3301 Ricardum.

309 3365 466 3428 Decanus
514 3364 672 3428 ecclesiae
721 3365 933 3428 Cathedralis
982 3366 1219 3448 Dunelmensis
1267 3387 1328 3450 per

222 3468 422 3552 Magistrum
444 3467 633 3531 Robertum
656 3468 775 3531 Davell
796 3469 1026 3540 exhibentem,
1047 3478 1110 3534 etc.

309 3597 504 3680 Capitulum
544 3597 702 3660 ecclesiae
740 3598 952 3661 Cathedralis
991 3598 1228 3662 Dunelmensis
1267 3620 1328 3683 per

223 3702 368 3766 eundern
390 3700 590 3784 Magistrum
611 3702 732 3764 Davell
751 3702 981 3776 exhibentem,
1002 3709 1065 3765 etc.

309 3829 576 3894 Archidiaconus
620 3830 858 3894 Dunelmensis
902 3850 961 3913 per
1004 3832 1216 3914 praedictum
1262 3831 1323 3897 Mr.

222 3935 345 4001 Darell.

307 4052 468 4118 Officialis
487 4052 794 4116 Archidiaconatus
813 4050 1013 4117 Dunelmiae
1033 4073 1100 4116 non
1119 4052 1323 4134 comparuit.

306 4183 421 4247 Clerus
453 4181 761 4246 Archidiaconatus
795 4180 996 4245 Dunelmiae
1030 4202 1089 4265 per
1123 4182 1323 4266 Magistrum

219 4289 409 4353 Robertum
425 4286 538 4351 Darell
555 4294 588 4350 et
607 4286 835 4350 Cuthbertum
855 4284 1015 4349 Marshall
1032 4286 1242 4358 exhibentes,
1257 4294 1321 4352 etc.

306 4417 573 4482 Archidiaconus
590 4415 857 4480 Northumbriae
874 4414 1106 4499 personaliter.
