2918 5010
474 364 677 430 Nonrnrnu
710 364 980 430 Convocarrou.
1236 380 1278 441 zo

677 557 771 621 XlV.

170 677 247 740 Tae
286 676 385 740 Aera
424 693 468 739 or
507 692 577 738 rus
618 675 842 739 Provinciae
881 676 1042 739 Couucrr
1079 670 1175 738 narn
1210 690 1277 737 ron

257 797 328 845 raa
349 797 455 844 rarat
475 797 519 843 or
540 797 610 843 rua
632 779 834 843 Tauriana.

250 908 342 986 [Reg.
359 907 538 973 Greneleld,
557 913 630 986 part
646 907 677 974 ii,
696 908 716 967 l.
735 907 816 1001 1801.

257 1056 450 1121 Venerabili
469 1056 502 1119 in
522 1056 657 1120 Christo
676 1057 766 1139 patri
785 1077 824 1121 ac
843 1056 983 1120 domino
1000 1077 1062 1120 suo
1081 1055 1277 1130 reverendo

172 1161 319 1226 Domino
354 1160 523 1224 Willelmo
561 1160 594 1225 d.
631 1182 661 1244 g.
703 1162 805 1224 Ebor.
839 1161 1103 1244 archiepiscopo,
1136 1161 1279 1245 Angliae

171 1267 320 1350 primati,
371 1286 453 1329 suus
502 1265 640 1329 humilis
690 1272 722 1328 et
771 1265 917 1329 devotus
959 1265 1120 1329 Officialis
1161 1266 1277 1338 Ebor.,

171 1371 401 1436 obedientiam
458 1371 684 1434 reverentiam
741 1376 774 1433 et
830 1370 1003 1434 honorem.
1074 1369 1278 1434 Mandatum

171 1482 323 1540 vestrum
363 1474 552 1557 recepimus
589 1480 742 1537 tenorem
782 1474 960 1538 continens
998 1474 1277 1558 infrascriptum:

172 1579 358 1644 Willelmus
408 1578 627 1662 permissione
677 1578 795 1642 divina
845 1579 1127 1663 Archiepiscopus
1174 1578 1277 1642 Ebor.

172 1684 323 1769 Angliae'
355 1683 492 1767 primas,
537 1682 662 1746 dilecto
703 1682 772 1747 filio
814 1682 958 1747 Officiali
1000 1689 1118 1746 nostro
1161 1684 1277 1759 Ebor.,

171 1788 317 1853 salutem
358 1788 506 1872 gratiam
546 1793 579 1851 et
621 1786 903 1851 benedictionem.
970 1786 1055 1851 Cum
1103 1806 1277 1851 sacrorum

171 1912 341 1956 canonum
368 1891 551 1955 salubriter
577 1899 681 1975 atque
708 1891 849 1974 provide
876 1891 1077 1973 perhibeant
1104 1891 1277 1966 instituta,

172 2002 205 2060 et
237 2016 297 2079 per
331 1995 614 2078 metropolitanos
649 1995 799 2080 singulos
833 1995 867 2059 in
898 1995 968 2059 suis
1003 1995 1186 2078 provinciis
1217 2015 1279 2079 pro

173 2099 395 2164 discutiendis
418 2120 496 2165 cum
521 2099 639 2164 debita
662 2100 865 2164 maturitate
889 2099 1004 2163 arduis
1027 2100 1280 2184 emergentibus

173 2204 318 2289 negotiis
339 2204 431 2268 omni
454 2225 545 2268 anno
567 2204 788 2287 provincialia
809 2203 951 2268 concilia
972 2204 1205 2278 celebrentur;
1240 2224 1280 2266 eo

174 2315 289 2373 tamen
325 2309 505 2392 praecipue
540 2315 692 2391 tempore
728 2307 935 2391 vigilantiori
970 2307 1086 2371 studio
1118 2307 1280 2372 convenit

174 2412 371 2497 hujusmodi
395 2413 537 2477 concilia
561 2412 753 2484 convocari,
779 2432 857 2476 curn
881 2412 1079 2476 emerserint
1102 2412 1221 2495 gravia
1244 2419 1278 2476 et

173 2517 310 2581 insolita
330 2518 477 2601 negotia,
499 2538 587 2601 quae
609 2517 739 2600 absque
761 2516 910 2599 plurium
932 2516 1119 2600 peritorum
1140 2516 1280 2581 consilio

174 2620 271 2685 facile
304 2629 480 2706 nequeunt
513 2620 674 2704 expediri.
724 2622 811 2685 Sane
845 2620 977 2686 dudum
1011 2640 1052 2684 ex
1087 2621 1280 2705 praemissis

173 2725 284 2790 causis
308 2724 352 2789 ad
375 2731 507 2789 certum
531 2725 622 2789 diem
646 2725 679 2788 in
701 2731 819 2789 nostra
840 2726 941 2789 Ebor.
964 2724 1103 2790 ecclesia
1124 2731 1280 2789 nostrum

175 2829 382 2914 provinciale
402 2828 582 2892 concilium
605 2829 747 2893 lecimus
767 2830 948 2893 convocari
965 2850 972 2905 ;
998 2829 1197 2912 praesertim
1219 2849 1281 2913 pro

175 2934 236 3008 his,
269 2953 358 3017 quae
389 2933 478 2997 circa
512 2933 698 3016 singulares
736 2933 1007 3016 Templariorum
1047 2953 1208 3016 personas
1247 2935 1280 2998 in

176 3047 293 3103 nostra
331 3038 507 3121 provincia
546 3037 754 3101 constitutas
789 3037 887 3100 nobis
922 3059 941 3100 a
976 3038 1055 3101 sede
1092 3038 1280 3122 apostolica

174 3143 355 3207 commissa
394 3143 529 3205 fuerant
569 3141 780 3226 exequenda,
822 3141 1028 3204 haereticam
1067 3142 1281 3225 sapientibus

176 3246 407 3330 pravitatem;
433 3266 521 3329 quae
558 3267 637 3310 cuni
674 3246 707 3310 in
746 3252 864 3309 nostro
902 3245 1101 3328 provinciali
1139 3246 1282 3310 concilio

177 3349 301 3415 fuerint
337 3351 529 3415 executioni
565 3351 701 3414 debitae
735 3348 957 3424 demandata,
992 3349 1094 3433 juxta
1128 3350 1282 3433 ejusdem

177 3454 330 3520 mandati
367 3455 545 3538 apostolici
581 3456 830 3519 continentiam
866 3460 899 3518 et
937 3460 1090 3519 tenorem
1126 3475 1186 3538 per
1220 3476 1283 3520 nos

177 3558 302 3623 debent
327 3558 371 3622 ad
396 3559 551 3642 generale
575 3558 755 3622 concilium
781 3559 962 3623 introduci.
1010 3559 1148 3635 Verum,
1173 3581 1281 3645 quum

177 3670 256 3728 ante
289 3662 379 3727 diem
419 3662 584 3746 praedicti
624 3664 731 3726 nostri
770 3663 901 3728 concilii
941 3665 1133 3740 convocati,
1173 3671 1284 3730 certos

178 3787 328 3832 rumores
342 3768 535 3851 accepimus
548 3768 589 3831 de
603 3768 841 3851 prorogatione
853 3770 1019 3853 generalis
1031 3771 1162 3835 concilii
1177 3792 1284 3855 usque

178 3872 221 3936 ad
234 3871 312 3937 Kal.
324 3854 491 3936 Octobres
503 3873 655 3955 proxime
667 3871 739 3953 jam
752 3871 886 3936 futuras
896 3874 938 3937 de
948 3875 1088 3938 consilio
1099 3881 1133 3938 et
1145 3895 1283 3940 assensu

179 3976 319 4060 religiosi
343 3976 406 4040 viri
430 3976 500 4058 (sic)
526 3983 560 4038 et
582 3974 717 4038 discreti
739 3975 804 4038 viri
824 3975 952 4041 domini
973 3977 1063 4042 dom.
1085 3978 1223 4042 abbatis
1242 3980 1284 4043 de

176 4079 423 4163 Lathingniaco
461 4080 603 4161 (Laguy)
645 4086 679 4141 et
716 4079 870 4163 magistri
905 4080 1033 4144 Sicardi
1062 4081 1103 4145 de
1134 4082 1283 4157 Vaur0,*

176 4184 372 4269 specialium
397 4183 599 4248 nunciorum
624 4182 943 4267 sedisapostolicae
970 4185 1005 4248 in
1033 4185 1155 4269 Anglia
1182 4207 1284 4270 super

176 4288 313 4374 negotio
336 4287 548 4371 Templarios
572 4287 793 4372 contingente
819 4289 997 4352 nobiscum
1022 4295 1104 4353 tunc
1129 4310 1285 4373 praeseu-

178 4393 275 4468 tium,
299 4413 431 4458 necnon
456 4393 498 4455 de
527 4392 700 4455 communi
726 4413 892 4457 consensu
918 4393 1083 4467 omnium,
1108 4395 1167 4479 qui
1192 4395 1286 4460 dicto

248 4494 375 4582 :Canon
388 4533 417 4581 oi
431 4493 589 4581 Narbonae.
